[gd_scene load_steps=92 format=3 uid="uid://dyimk6qfrm3b5"]

[ext_resource type="Script" path="res://src/script/pingmy.gd" id="1_yug2c"]
[ext_resource type="Texture2D" uid="uid://b80x6yyxelqaj" path="res://res/img/generic/player/pingmy.png" id="2_71hdn"]
[ext_resource type="PackedScene" uid="uid://dt7n1gb13jftw" path="res://src/scene/fx.tscn" id="3_4ul0b"]
[ext_resource type="Texture2D" uid="uid://dccclvpq1grwg" path="res://res/img/ui/star01.png" id="4_4yldi"]

[sub_resource type="AtlasTexture" id="AtlasTexture_25g3p"]
atlas = ExtResource("4_4yldi")
region = Rect2(0, 0, 15, 15)

[sub_resource type="Animation" id="Animation_er0kh"]
length = 0.001
tracks/0/type = "value"
tracks/0/imported = false
tracks/0/enabled = true
tracks/0/path = NodePath("content/sprite/body:frame")
tracks/0/interp = 1
tracks/0/loop_wrap = true
tracks/0/keys = {
"times": PackedFloat32Array(0),
"transitions": PackedFloat32Array(1),
"update": 1,
"values": [16]
}
tracks/1/type = "value"
tracks/1/imported = false
tracks/1/enabled = true
tracks/1/path = NodePath("content/sprite/body:flip_h")
tracks/1/interp = 1
tracks/1/loop_wrap = true
tracks/1/keys = {
"times": PackedFloat32Array(0),
"transitions": PackedFloat32Array(1),
"update": 1,
"values": [false]
}
tracks/2/type = "value"
tracks/2/imported = false
tracks/2/enabled = true
tracks/2/path = NodePath("content/sprite/beak/beak:frame")
tracks/2/interp = 1
tracks/2/loop_wrap = true
tracks/2/keys = {
"times": PackedFloat32Array(0),
"transitions": PackedFloat32Array(1),
"update": 1,
"values": [31]
}
tracks/3/type = "value"
tracks/3/imported = false
tracks/3/enabled = true
tracks/3/path = NodePath("content/sprite/beak:position")
tracks/3/interp = 1
tracks/3/loop_wrap = true
tracks/3/keys = {
"times": PackedFloat32Array(0),
"transitions": PackedFloat32Array(1),
"update": 1,
"values": [Vector2(0, 0)]
}
tracks/4/type = "value"
tracks/4/imported = false
tracks/4/enabled = true
tracks/4/path = NodePath("content/sprite/beak/beak:flip_h")
tracks/4/interp = 1
tracks/4/loop_wrap = true
tracks/4/keys = {
"times": PackedFloat32Array(0),
"transitions": PackedFloat32Array(1),
"update": 1,
"values": [false]
}
tracks/5/type = "value"
tracks/5/imported = false
tracks/5/enabled = true
tracks/5/path = NodePath("content/sprite/beak/beak:visible")
tracks/5/interp = 1
tracks/5/loop_wrap = true
tracks/5/keys = {
"times": PackedFloat32Array(0),
"transitions": PackedFloat32Array(1),
"update": 1,
"values": [true]
}
tracks/6/type = "value"
tracks/6/imported = false
tracks/6/enabled = true
tracks/6/path = NodePath("content/sprite/beak/beak:flip_h")
tracks/6/interp = 1
tracks/6/loop_wrap = true
tracks/6/keys = {
"times": PackedFloat32Array(0),
"transitions": PackedFloat32Array(1),
"update": 1,
"values": [false]
}
tracks/7/type = "value"
tracks/7/imported = false
tracks/7/enabled = true
tracks/7/path = NodePath("content/sprite/beak/origin:position")
tracks/7/interp = 1
tracks/7/loop_wrap = true
tracks/7/keys = {
"times": PackedFloat32Array(0),
"transitions": PackedFloat32Array(1),
"update": 1,
"values": [Vector2(0, 5)]
}
tracks/8/type = "value"
tracks/8/imported = false
tracks/8/enabled = true
tracks/8/path = NodePath("content:position")
tracks/8/interp = 1
tracks/8/loop_wrap = true
tracks/8/keys = {
"times": PackedFloat32Array(0),
"transitions": PackedFloat32Array(1),
"update": 0,
"values": [Vector2(0, 0)]
}
tracks/9/type = "value"
tracks/9/imported = false
tracks/9/enabled = true
tracks/9/path = NodePath(".:visible")
tracks/9/interp = 1
tracks/9/loop_wrap = true
tracks/9/keys = {
"times": PackedFloat32Array(0),
"transitions": PackedFloat32Array(1),
"update": 1,
"values": [false]
}
tracks/10/type = "value"
tracks/10/imported = false
tracks/10/enabled = true
tracks/10/path = NodePath("content/sprite/body:visible")
tracks/10/interp = 1
tracks/10/loop_wrap = true
tracks/10/keys = {
"times": PackedFloat32Array(0),
"transitions": PackedFloat32Array(1),
"update": 1,
"values": [true]
}
tracks/11/type = "value"
tracks/11/imported = false
tracks/11/enabled = true
tracks/11/path = NodePath("content/sprite/beak:visible")
tracks/11/interp = 1
tracks/11/loop_wrap = true
tracks/11/keys = {
"times": PackedFloat32Array(0),
"transitions": PackedFloat32Array(1),
"update": 1,
"values": [true]
}
tracks/12/type = "value"
tracks/12/imported = false
tracks/12/enabled = true
tracks/12/path = NodePath("content/sprite/shadow:visible")
tracks/12/interp = 1
tracks/12/loop_wrap = true
tracks/12/keys = {
"times": PackedFloat32Array(0),
"transitions": PackedFloat32Array(1),
"update": 1,
"values": [false]
}
tracks/13/type = "value"
tracks/13/imported = false
tracks/13/enabled = true
tracks/13/path = NodePath("content/sprite/shadow:position")
tracks/13/interp = 1
tracks/13/loop_wrap = true
tracks/13/keys = {
"times": PackedFloat32Array(0),
"transitions": PackedFloat32Array(1),
"update": 0,
"values": [Vector2(0, 15)]
}

[sub_resource type="Animation" id="Animation_lr4p5"]
resource_name = "default"
length = 0.1
tracks/0/type = "method"
tracks/0/imported = false
tracks/0/enabled = true
tracks/0/path = NodePath(".")
tracks/0/interp = 1
tracks/0/loop_wrap = true
tracks/0/keys = {
"times": PackedFloat32Array(0),
"transitions": PackedFloat32Array(1),
"values": [{
"args": [],
"method": &"set_active"
}]
}
tracks/1/type = "value"
tracks/1/imported = false
tracks/1/enabled = true
tracks/1/path = NodePath(".:visible")
tracks/1/interp = 1
tracks/1/loop_wrap = true
tracks/1/keys = {
"times": PackedFloat32Array(0),
"transitions": PackedFloat32Array(1),
"update": 1,
"values": [true]
}
tracks/2/type = "value"
tracks/2/imported = false
tracks/2/enabled = true
tracks/2/path = NodePath("content/sprite/beak:visible")
tracks/2/interp = 1
tracks/2/loop_wrap = true
tracks/2/keys = {
"times": PackedFloat32Array(0),
"transitions": PackedFloat32Array(1),
"update": 1,
"values": [false]
}

[sub_resource type="Animation" id="Animation_prbxj"]
resource_name = "die.front"
length = 5.0
step = 0.05
tracks/0/type = "value"
tracks/0/imported = false
tracks/0/enabled = true
tracks/0/path = NodePath("content/sprite/body:frame")
tracks/0/interp = 1
tracks/0/loop_wrap = true
tracks/0/keys = {
"times": PackedFloat32Array(0, 0.1, 0.2, 0.3, 0.4, 0.5, 0.6, 0.7, 0.85, 0.9, 0.95, 1.15, 1.2, 1.25, 1.45, 1.5, 1.55, 1.75, 1.8, 1.85, 2.2, 2.3, 2.55, 2.6, 2.65, 2.7, 2.75, 2.8),
"transitions": PackedFloat32Array(1, 1, 1, 1, 1, 1, 1, 1, 1, 1, 1, 1, 1, 1, 1, 1, 1, 1, 1, 1, 1, 1, 1, 1, 1, 1, 1, 1),
"update": 1,
"values": [16, 26, 27, 28, 29, 28, 26, 16, 0, 1, 2, 1, 0, 16, 0, 1, 2, 1, 0, 16, 20, 16, 3, 4, 5, 6, 7, 8]
}
tracks/1/type = "value"
tracks/1/imported = false
tracks/1/enabled = true
tracks/1/path = NodePath("content/sprite/body:flip_h")
tracks/1/interp = 1
tracks/1/loop_wrap = true
tracks/1/keys = {
"times": PackedFloat32Array(0, 1.45, 2.05),
"transitions": PackedFloat32Array(1, 1, 1),
"update": 1,
"values": [false, true, false]
}
tracks/2/type = "value"
tracks/2/imported = false
tracks/2/enabled = true
tracks/2/path = NodePath("content/sprite/beak/beak:frame")
tracks/2/interp = 1
tracks/2/loop_wrap = true
tracks/2/keys = {
"times": PackedFloat32Array(0),
"transitions": PackedFloat32Array(1),
"update": 1,
"values": [31]
}
tracks/3/type = "value"
tracks/3/imported = false
tracks/3/enabled = true
tracks/3/path = NodePath("content/sprite/beak:position")
tracks/3/interp = 1
tracks/3/loop_wrap = true
tracks/3/keys = {
"times": PackedFloat32Array(0),
"transitions": PackedFloat32Array(1),
"update": 1,
"values": [Vector2(0, 0)]
}
tracks/4/type = "value"
tracks/4/imported = false
tracks/4/enabled = true
tracks/4/path = NodePath("content/sprite/beak/beak:flip_h")
tracks/4/interp = 1
tracks/4/loop_wrap = true
tracks/4/keys = {
"times": PackedFloat32Array(0),
"transitions": PackedFloat32Array(1),
"update": 1,
"values": [false]
}
tracks/5/type = "value"
tracks/5/imported = false
tracks/5/enabled = true
tracks/5/path = NodePath("content/sprite/body:visible")
tracks/5/interp = 1
tracks/5/loop_wrap = true
tracks/5/keys = {
"times": PackedFloat32Array(0),
"transitions": PackedFloat32Array(1),
"update": 1,
"values": [true]
}
tracks/6/type = "value"
tracks/6/imported = false
tracks/6/enabled = true
tracks/6/path = NodePath("content/sprite/beak:visible")
tracks/6/interp = 1
tracks/6/loop_wrap = true
tracks/6/keys = {
"times": PackedFloat32Array(0, 2.2, 2.45),
"transitions": PackedFloat32Array(1, 1, 1),
"update": 1,
"values": [false, true, false]
}
tracks/7/type = "method"
tracks/7/imported = false
tracks/7/enabled = true
tracks/7/path = NodePath("content/sprite/fx_smoke")
tracks/7/interp = 1
tracks/7/loop_wrap = true
tracks/7/keys = {
"times": PackedFloat32Array(2.95),
"transitions": PackedFloat32Array(1),
"values": [{
"args": [],
"method": &"start"
}]
}
tracks/8/type = "method"
tracks/8/imported = false
tracks/8/enabled = true
tracks/8/path = NodePath(".")
tracks/8/interp = 1
tracks/8/loop_wrap = true
tracks/8/keys = {
"times": PackedFloat32Array(4.7),
"transitions": PackedFloat32Array(1),
"values": [{
"args": [],
"method": &"on_end"
}]
}
tracks/9/type = "value"
tracks/9/imported = false
tracks/9/enabled = true
tracks/9/path = NodePath("content/sprite/shadow:position")
tracks/9/interp = 1
tracks/9/loop_wrap = true
tracks/9/keys = {
"times": PackedFloat32Array(0, 2.75, 2.85),
"transitions": PackedFloat32Array(1, 1, 1),
"update": 0,
"values": [Vector2(0, 15), Vector2(0, 15), Vector2(0, 12)]
}

[sub_resource type="Animation" id="Animation_fs1cp"]
resource_name = "fall.front"
length = 3.0
tracks/0/type = "value"
tracks/0/imported = false
tracks/0/enabled = true
tracks/0/path = NodePath("content/sprite/body:frame")
tracks/0/interp = 1
tracks/0/loop_wrap = true
tracks/0/keys = {
"times": PackedFloat32Array(0.2, 0.3, 0.4, 0.7, 0.9, 1.4, 1.5, 1.6, 1.8, 1.9, 2, 2.2, 2.3, 2.4, 2.6, 2.7, 2.8),
"transitions": PackedFloat32Array(1, 1, 1, 1, 1, 1, 1, 1, 1, 1, 1, 1, 1, 1, 1, 1, 1),
"update": 1,
"values": [19, 20, 27, 19, 21, 0, 1, 2, 1, 0, 16, 0, 1, 2, 1, 0, 16]
}
tracks/1/type = "value"
tracks/1/imported = false
tracks/1/enabled = true
tracks/1/path = NodePath("content/sprite/body:flip_h")
tracks/1/interp = 1
tracks/1/loop_wrap = true
tracks/1/keys = {
"times": PackedFloat32Array(0.2, 2.2, 2.9),
"transitions": PackedFloat32Array(1, 1, 1),
"update": 1,
"values": [false, true, false]
}
tracks/2/type = "value"
tracks/2/imported = false
tracks/2/enabled = true
tracks/2/path = NodePath("content/sprite/beak/beak:visible")
tracks/2/interp = 1
tracks/2/loop_wrap = true
tracks/2/keys = {
"times": PackedFloat32Array(0),
"transitions": PackedFloat32Array(1),
"update": 1,
"values": [false]
}
tracks/3/type = "value"
tracks/3/imported = false
tracks/3/enabled = true
tracks/3/path = NodePath("content/sprite/body:position")
tracks/3/interp = 1
tracks/3/loop_wrap = true
tracks/3/keys = {
"times": PackedFloat32Array(0, 0.2, 0.7, 0.8, 0.9),
"transitions": PackedFloat32Array(1, 1, 1, 1, 1),
"update": 0,
"values": [Vector2(0, -150), Vector2(0, -150), Vector2(0, 0), Vector2(0, -2), Vector2(0, 0)]
}
tracks/4/type = "value"
tracks/4/imported = false
tracks/4/enabled = true
tracks/4/path = NodePath(".:visible")
tracks/4/interp = 1
tracks/4/loop_wrap = true
tracks/4/keys = {
"times": PackedFloat32Array(0.1),
"transitions": PackedFloat32Array(1),
"update": 1,
"values": [true]
}

[sub_resource type="Animation" id="Animation_qv4kf"]
resource_name = "frozen"
step = 0.05
tracks/0/type = "value"
tracks/0/imported = false
tracks/0/enabled = true
tracks/0/path = NodePath("content/sprite/body:frame")
tracks/0/interp = 1
tracks/0/loop_wrap = true
tracks/0/keys = {
"times": PackedFloat32Array(0, 0.1, 0.4, 0.8),
"transitions": PackedFloat32Array(1, 1, 1, 1),
"update": 1,
"values": [3, 4, 5, 4]
}
tracks/1/type = "value"
tracks/1/imported = false
tracks/1/enabled = true
tracks/1/path = NodePath("content/sprite/body:flip_h")
tracks/1/interp = 1
tracks/1/loop_wrap = true
tracks/1/keys = {
"times": PackedFloat32Array(0),
"transitions": PackedFloat32Array(1),
"update": 1,
"values": [false]
}
tracks/2/type = "value"
tracks/2/imported = false
tracks/2/enabled = true
tracks/2/path = NodePath("content/sprite/beak/beak:frame")
tracks/2/interp = 1
tracks/2/loop_wrap = true
tracks/2/keys = {
"times": PackedFloat32Array(0),
"transitions": PackedFloat32Array(1),
"update": 1,
"values": [31]
}
tracks/3/type = "value"
tracks/3/imported = false
tracks/3/enabled = true
tracks/3/path = NodePath("content/sprite/beak:position")
tracks/3/interp = 1
tracks/3/loop_wrap = true
tracks/3/keys = {
"times": PackedFloat32Array(0),
"transitions": PackedFloat32Array(1),
"update": 1,
"values": [Vector2(0, 0)]
}
tracks/4/type = "value"
tracks/4/imported = false
tracks/4/enabled = true
tracks/4/path = NodePath("content/sprite/beak/beak:flip_h")
tracks/4/interp = 1
tracks/4/loop_wrap = true
tracks/4/keys = {
"times": PackedFloat32Array(0),
"transitions": PackedFloat32Array(1),
"update": 1,
"values": [false]
}
tracks/5/type = "value"
tracks/5/imported = false
tracks/5/enabled = true
tracks/5/path = NodePath("content/sprite/beak/beak:visible")
tracks/5/interp = 1
tracks/5/loop_wrap = true
tracks/5/keys = {
"times": PackedFloat32Array(0),
"transitions": PackedFloat32Array(1),
"update": 1,
"values": [false]
}
tracks/6/type = "value"
tracks/6/imported = false
tracks/6/enabled = true
tracks/6/path = NodePath("content/sprite/beak/beak:flip_h")
tracks/6/interp = 1
tracks/6/loop_wrap = true
tracks/6/keys = {
"times": PackedFloat32Array(0),
"transitions": PackedFloat32Array(1),
"update": 1,
"values": [false]
}
tracks/7/type = "value"
tracks/7/imported = false
tracks/7/enabled = true
tracks/7/path = NodePath("content/sprite/beak/origin:position")
tracks/7/interp = 1
tracks/7/loop_wrap = true
tracks/7/keys = {
"times": PackedFloat32Array(0),
"transitions": PackedFloat32Array(1),
"update": 1,
"values": [Vector2(0, 5)]
}
tracks/8/type = "method"
tracks/8/imported = false
tracks/8/enabled = true
tracks/8/path = NodePath(".")
tracks/8/interp = 1
tracks/8/loop_wrap = true
tracks/8/keys = {
"times": PackedFloat32Array(0, 0.3, 0.95),
"transitions": PackedFloat32Array(1, 1, 1),
"values": [{
"args": [],
"method": &"set_inactive"
}, {
"args": [],
"method": &"go_down"
}, {
"args": [],
"method": &"set_active"
}]
}
tracks/9/type = "method"
tracks/9/imported = false
tracks/9/enabled = true
tracks/9/path = NodePath("content/sprite/fx_fire")
tracks/9/interp = 1
tracks/9/loop_wrap = true
tracks/9/keys = {
"times": PackedFloat32Array(0),
"transitions": PackedFloat32Array(1),
"values": [{
"args": [],
"method": &"start"
}]
}

[sub_resource type="Animation" id="Animation_rb2ah"]
resource_name = "hit.back"
length = 0.9
tracks/0/type = "value"
tracks/0/imported = false
tracks/0/enabled = true
tracks/0/path = NodePath("content/sprite/body:frame")
tracks/0/interp = 1
tracks/0/loop_wrap = true
tracks/0/keys = {
"times": PackedFloat32Array(0, 0.1, 0.2, 0.3, 0.4, 0.5, 0.6, 0.7, 0.8),
"transitions": PackedFloat32Array(1, 1, 1, 1, 1, 1, 1, 1, 1),
"update": 1,
"values": [42, 43, 44, 45, 43, 44, 45, 43, 42]
}
tracks/1/type = "value"
tracks/1/imported = false
tracks/1/enabled = true
tracks/1/path = NodePath("content/sprite/body:flip_h")
tracks/1/interp = 1
tracks/1/loop_wrap = true
tracks/1/keys = {
"times": PackedFloat32Array(0),
"transitions": PackedFloat32Array(1),
"update": 1,
"values": [false]
}
tracks/2/type = "value"
tracks/2/imported = false
tracks/2/enabled = true
tracks/2/path = NodePath("content/sprite/beak/beak:frame")
tracks/2/interp = 1
tracks/2/loop_wrap = true
tracks/2/keys = {
"times": PackedFloat32Array(0),
"transitions": PackedFloat32Array(1),
"update": 1,
"values": [31]
}
tracks/3/type = "value"
tracks/3/imported = false
tracks/3/enabled = true
tracks/3/path = NodePath("content/sprite/beak:position")
tracks/3/interp = 1
tracks/3/loop_wrap = true
tracks/3/keys = {
"times": PackedFloat32Array(0, 0.2, 0.3, 0.6, 0.7),
"transitions": PackedFloat32Array(1, 1, 1, 1, 1),
"update": 1,
"values": [Vector2(0, 0), Vector2(0, -1), Vector2(0, 0), Vector2(0, -1), Vector2(0, 0)]
}
tracks/4/type = "value"
tracks/4/imported = false
tracks/4/enabled = true
tracks/4/path = NodePath("content/sprite/beak/beak:flip_h")
tracks/4/interp = 1
tracks/4/loop_wrap = true
tracks/4/keys = {
"times": PackedFloat32Array(0),
"transitions": PackedFloat32Array(1),
"update": 1,
"values": [false]
}
tracks/5/type = "value"
tracks/5/imported = false
tracks/5/enabled = true
tracks/5/path = NodePath("content/sprite/beak/beak:visible")
tracks/5/interp = 1
tracks/5/loop_wrap = true
tracks/5/keys = {
"times": PackedFloat32Array(0),
"transitions": PackedFloat32Array(1),
"update": 1,
"values": [false]
}
tracks/6/type = "value"
tracks/6/imported = false
tracks/6/enabled = true
tracks/6/path = NodePath("content/sprite/beak/beak:flip_h")
tracks/6/interp = 1
tracks/6/loop_wrap = true
tracks/6/keys = {
"times": PackedFloat32Array(0),
"transitions": PackedFloat32Array(1),
"update": 1,
"values": [false]
}
tracks/7/type = "value"
tracks/7/imported = false
tracks/7/enabled = true
tracks/7/path = NodePath("content/sprite/beak/origin:position")
tracks/7/interp = 1
tracks/7/loop_wrap = true
tracks/7/keys = {
"times": PackedFloat32Array(0),
"transitions": PackedFloat32Array(1),
"update": 1,
"values": [Vector2(0, -1)]
}
tracks/8/type = "method"
tracks/8/imported = false
tracks/8/enabled = true
tracks/8/path = NodePath(".")
tracks/8/interp = 1
tracks/8/loop_wrap = true
tracks/8/keys = {
"times": PackedFloat32Array(0.8),
"transitions": PackedFloat32Array(1),
"values": [{
"args": [],
"method": &"hit_end"
}]
}

[sub_resource type="Animation" id="Animation_dcgnu"]
resource_name = "hit.front"
length = 0.9
tracks/0/type = "value"
tracks/0/imported = false
tracks/0/enabled = true
tracks/0/path = NodePath("content/sprite/body:frame")
tracks/0/interp = 1
tracks/0/loop_wrap = true
tracks/0/keys = {
"times": PackedFloat32Array(0, 0.1, 0.2, 0.3, 0.4, 0.5, 0.6, 0.7, 0.8),
"transitions": PackedFloat32Array(1, 1, 1, 1, 1, 1, 1, 1, 1),
"update": 1,
"values": [26, 27, 28, 29, 27, 28, 29, 27, 26]
}
tracks/1/type = "value"
tracks/1/imported = false
tracks/1/enabled = true
tracks/1/path = NodePath("content/sprite/body:flip_h")
tracks/1/interp = 1
tracks/1/loop_wrap = true
tracks/1/keys = {
"times": PackedFloat32Array(0),
"transitions": PackedFloat32Array(1),
"update": 1,
"values": [false]
}
tracks/2/type = "value"
tracks/2/imported = false
tracks/2/enabled = true
tracks/2/path = NodePath("content/sprite/beak/beak:frame")
tracks/2/interp = 1
tracks/2/loop_wrap = true
tracks/2/keys = {
"times": PackedFloat32Array(0),
"transitions": PackedFloat32Array(1),
"update": 1,
"values": [31]
}
tracks/3/type = "value"
tracks/3/imported = false
tracks/3/enabled = true
tracks/3/path = NodePath("content/sprite/beak:position")
tracks/3/interp = 1
tracks/3/loop_wrap = true
tracks/3/keys = {
"times": PackedFloat32Array(0, 0.2, 0.3, 0.6, 0.7),
"transitions": PackedFloat32Array(1, 1, 1, 1, 1),
"update": 1,
"values": [Vector2(0, 0), Vector2(0, -1), Vector2(0, 0), Vector2(0, -1), Vector2(0, 0)]
}
tracks/4/type = "value"
tracks/4/imported = false
tracks/4/enabled = true
tracks/4/path = NodePath("content/sprite/beak/beak:flip_h")
tracks/4/interp = 1
tracks/4/loop_wrap = true
tracks/4/keys = {
"times": PackedFloat32Array(0),
"transitions": PackedFloat32Array(1),
"update": 1,
"values": [false]
}
tracks/5/type = "value"
tracks/5/imported = false
tracks/5/enabled = true
tracks/5/path = NodePath("content/sprite/beak/beak:visible")
tracks/5/interp = 1
tracks/5/loop_wrap = true
tracks/5/keys = {
"times": PackedFloat32Array(0),
"transitions": PackedFloat32Array(1),
"update": 1,
"values": [false]
}
tracks/6/type = "value"
tracks/6/imported = false
tracks/6/enabled = true
tracks/6/path = NodePath("content/sprite/beak/beak:flip_h")
tracks/6/interp = 1
tracks/6/loop_wrap = true
tracks/6/keys = {
"times": PackedFloat32Array(0),
"transitions": PackedFloat32Array(1),
"update": 1,
"values": [false]
}
tracks/7/type = "value"
tracks/7/imported = false
tracks/7/enabled = true
tracks/7/path = NodePath("content/sprite/beak/origin:position")
tracks/7/interp = 1
tracks/7/loop_wrap = true
tracks/7/keys = {
"times": PackedFloat32Array(0),
"transitions": PackedFloat32Array(1),
"update": 1,
"values": [Vector2(0, 5)]
}
tracks/8/type = "method"
tracks/8/imported = false
tracks/8/enabled = true
tracks/8/path = NodePath(".")
tracks/8/interp = 1
tracks/8/loop_wrap = true
tracks/8/keys = {
"times": PackedFloat32Array(0.8),
"transitions": PackedFloat32Array(1),
"values": [{
"args": [],
"method": &"hit_end"
}]
}

[sub_resource type="Animation" id="Animation_m7epx"]
resource_name = "hit.left"
length = 0.9
tracks/0/type = "value"
tracks/0/imported = false
tracks/0/enabled = true
tracks/0/path = NodePath("content/sprite/body:frame")
tracks/0/interp = 1
tracks/0/loop_wrap = true
tracks/0/keys = {
"times": PackedFloat32Array(0, 0.1, 0.2, 0.3, 0.4, 0.5, 0.6, 0.7, 0.8),
"transitions": PackedFloat32Array(1, 1, 1, 1, 1, 1, 1, 1, 1),
"update": 1,
"values": [58, 59, 60, 61, 59, 60, 61, 59, 58]
}
tracks/1/type = "value"
tracks/1/imported = false
tracks/1/enabled = true
tracks/1/path = NodePath("content/sprite/body:flip_h")
tracks/1/interp = 1
tracks/1/loop_wrap = true
tracks/1/keys = {
"times": PackedFloat32Array(0),
"transitions": PackedFloat32Array(1),
"update": 1,
"values": [true]
}
tracks/2/type = "value"
tracks/2/imported = false
tracks/2/enabled = true
tracks/2/path = NodePath("content/sprite/beak/beak:frame")
tracks/2/interp = 1
tracks/2/loop_wrap = true
tracks/2/keys = {
"times": PackedFloat32Array(0),
"transitions": PackedFloat32Array(1),
"update": 1,
"values": [15]
}
tracks/3/type = "value"
tracks/3/imported = false
tracks/3/enabled = true
tracks/3/path = NodePath("content/sprite/beak:position")
tracks/3/interp = 1
tracks/3/loop_wrap = true
tracks/3/keys = {
"times": PackedFloat32Array(0, 0.2, 0.3, 0.6, 0.7),
"transitions": PackedFloat32Array(1, 1, 1, 1, 1),
"update": 1,
"values": [Vector2(0, 0), Vector2(0, -1), Vector2(0, 0), Vector2(0, -1), Vector2(0, 0)]
}
tracks/4/type = "value"
tracks/4/imported = false
tracks/4/enabled = true
tracks/4/path = NodePath("content/sprite/beak/beak:flip_h")
tracks/4/interp = 1
tracks/4/loop_wrap = true
tracks/4/keys = {
"times": PackedFloat32Array(0),
"transitions": PackedFloat32Array(1),
"update": 1,
"values": [true]
}
tracks/5/type = "value"
tracks/5/imported = false
tracks/5/enabled = true
tracks/5/path = NodePath("content/sprite/beak/beak:visible")
tracks/5/interp = 1
tracks/5/loop_wrap = true
tracks/5/keys = {
"times": PackedFloat32Array(0),
"transitions": PackedFloat32Array(1),
"update": 1,
"values": [false]
}
tracks/6/type = "value"
tracks/6/imported = false
tracks/6/enabled = true
tracks/6/path = NodePath("content/sprite/beak/beak:flip_h")
tracks/6/interp = 1
tracks/6/loop_wrap = true
tracks/6/keys = {
"times": PackedFloat32Array(0),
"transitions": PackedFloat32Array(1),
"update": 1,
"values": [true]
}
tracks/7/type = "value"
tracks/7/imported = false
tracks/7/enabled = true
tracks/7/path = NodePath("content/sprite/beak/origin:position")
tracks/7/interp = 1
tracks/7/loop_wrap = true
tracks/7/keys = {
"times": PackedFloat32Array(0),
"transitions": PackedFloat32Array(1),
"update": 1,
"values": [Vector2(9, 3)]
}
tracks/8/type = "method"
tracks/8/imported = false
tracks/8/enabled = true
tracks/8/path = NodePath(".")
tracks/8/interp = 1
tracks/8/loop_wrap = true
tracks/8/keys = {
"times": PackedFloat32Array(0.8),
"transitions": PackedFloat32Array(1),
"values": [{
"args": [],
"method": &"hit_end"
}]
}

[sub_resource type="Animation" id="Animation_28tqd"]
resource_name = "hit.right"
length = 0.9
tracks/0/type = "value"
tracks/0/imported = false
tracks/0/enabled = true
tracks/0/path = NodePath("content/sprite/body:frame")
tracks/0/interp = 1
tracks/0/loop_wrap = true
tracks/0/keys = {
"times": PackedFloat32Array(0, 0.1, 0.2, 0.3, 0.4, 0.5, 0.6, 0.7, 0.8),
"transitions": PackedFloat32Array(1, 1, 1, 1, 1, 1, 1, 1, 1),
"update": 1,
"values": [58, 59, 60, 61, 59, 60, 61, 59, 58]
}
tracks/1/type = "value"
tracks/1/imported = false
tracks/1/enabled = true
tracks/1/path = NodePath("content/sprite/body:flip_h")
tracks/1/interp = 1
tracks/1/loop_wrap = true
tracks/1/keys = {
"times": PackedFloat32Array(0),
"transitions": PackedFloat32Array(1),
"update": 1,
"values": [false]
}
tracks/2/type = "value"
tracks/2/imported = false
tracks/2/enabled = true
tracks/2/path = NodePath("content/sprite/beak/beak:frame")
tracks/2/interp = 1
tracks/2/loop_wrap = true
tracks/2/keys = {
"times": PackedFloat32Array(0),
"transitions": PackedFloat32Array(1),
"update": 1,
"values": [15]
}
tracks/3/type = "value"
tracks/3/imported = false
tracks/3/enabled = true
tracks/3/path = NodePath("content/sprite/beak:position")
tracks/3/interp = 1
tracks/3/loop_wrap = true
tracks/3/keys = {
"times": PackedFloat32Array(0, 0.2, 0.3, 0.6, 0.7),
"transitions": PackedFloat32Array(1, 1, 1, 1, 1),
"update": 1,
"values": [Vector2(0, 0), Vector2(0, -1), Vector2(0, 0), Vector2(0, -1), Vector2(0, 0)]
}
tracks/4/type = "value"
tracks/4/imported = false
tracks/4/enabled = true
tracks/4/path = NodePath("content/sprite/beak/beak:flip_h")
tracks/4/interp = 1
tracks/4/loop_wrap = true
tracks/4/keys = {
"times": PackedFloat32Array(0),
"transitions": PackedFloat32Array(1),
"update": 1,
"values": [false]
}
tracks/5/type = "value"
tracks/5/imported = false
tracks/5/enabled = true
tracks/5/path = NodePath("content/sprite/beak/beak:visible")
tracks/5/interp = 1
tracks/5/loop_wrap = true
tracks/5/keys = {
"times": PackedFloat32Array(0),
"transitions": PackedFloat32Array(1),
"update": 1,
"values": [false]
}
tracks/6/type = "value"
tracks/6/imported = false
tracks/6/enabled = true
tracks/6/path = NodePath("content/sprite/beak/beak:flip_h")
tracks/6/interp = 1
tracks/6/loop_wrap = true
tracks/6/keys = {
"times": PackedFloat32Array(0),
"transitions": PackedFloat32Array(1),
"update": 1,
"values": [false]
}
tracks/7/type = "value"
tracks/7/imported = false
tracks/7/enabled = true
tracks/7/path = NodePath("content/sprite/beak/origin:position")
tracks/7/interp = 1
tracks/7/loop_wrap = true
tracks/7/keys = {
"times": PackedFloat32Array(0),
"transitions": PackedFloat32Array(1),
"update": 1,
"values": [Vector2(9, 3)]
}
tracks/8/type = "method"
tracks/8/imported = false
tracks/8/enabled = true
tracks/8/path = NodePath(".")
tracks/8/interp = 1
tracks/8/loop_wrap = true
tracks/8/keys = {
"times": PackedFloat32Array(0.8),
"transitions": PackedFloat32Array(1),
"values": [{
"args": [],
"method": &"hit_end"
}]
}

[sub_resource type="Animation" id="Animation_sd70u"]
resource_name = "idle.back"
length = 3.0
loop_mode = 1
tracks/0/type = "value"
tracks/0/imported = false
tracks/0/enabled = true
tracks/0/path = NodePath("content/sprite/body:frame")
tracks/0/interp = 1
tracks/0/loop_wrap = true
tracks/0/keys = {
"times": PackedFloat32Array(0, 0.7, 0.8, 1, 1.1, 2.1, 2.3, 2.4, 2.6),
"transitions": PackedFloat32Array(1, 1, 1, 1, 1, 1, 1, 1, 1),
"update": 1,
"values": [32, 33, 34, 33, 32, 33, 32, 33, 32]
}
tracks/1/type = "value"
tracks/1/imported = false
tracks/1/enabled = true
tracks/1/path = NodePath("content/sprite/body:flip_h")
tracks/1/interp = 1
tracks/1/loop_wrap = true
tracks/1/keys = {
"times": PackedFloat32Array(0),
"transitions": PackedFloat32Array(1),
"update": 1,
"values": [false]
}
tracks/2/type = "value"
tracks/2/imported = false
tracks/2/enabled = true
tracks/2/path = NodePath("content/sprite/beak/beak:frame")
tracks/2/interp = 1
tracks/2/loop_wrap = true
tracks/2/keys = {
"times": PackedFloat32Array(0),
"transitions": PackedFloat32Array(1),
"update": 1,
"values": [31]
}
tracks/3/type = "value"
tracks/3/imported = false
tracks/3/enabled = true
tracks/3/path = NodePath("content/sprite/beak:position")
tracks/3/interp = 1
tracks/3/loop_wrap = true
tracks/3/keys = {
"times": PackedFloat32Array(0),
"transitions": PackedFloat32Array(1),
"update": 1,
"values": [Vector2(0, 0)]
}
tracks/4/type = "value"
tracks/4/imported = false
tracks/4/enabled = true
tracks/4/path = NodePath("content/sprite/beak/beak:flip_h")
tracks/4/interp = 1
tracks/4/loop_wrap = true
tracks/4/keys = {
"times": PackedFloat32Array(0),
"transitions": PackedFloat32Array(1),
"update": 1,
"values": [false]
}
tracks/5/type = "value"
tracks/5/imported = false
tracks/5/enabled = true
tracks/5/path = NodePath("content/sprite/beak/beak:visible")
tracks/5/interp = 1
tracks/5/loop_wrap = true
tracks/5/keys = {
"times": PackedFloat32Array(0),
"transitions": PackedFloat32Array(1),
"update": 1,
"values": [false]
}
tracks/6/type = "value"
tracks/6/imported = false
tracks/6/enabled = true
tracks/6/path = NodePath("content/sprite/beak/beak:flip_h")
tracks/6/interp = 1
tracks/6/loop_wrap = true
tracks/6/keys = {
"times": PackedFloat32Array(0),
"transitions": PackedFloat32Array(1),
"update": 1,
"values": [false]
}
tracks/7/type = "value"
tracks/7/imported = false
tracks/7/enabled = true
tracks/7/path = NodePath("content/sprite/beak/origin:position")
tracks/7/interp = 1
tracks/7/loop_wrap = true
tracks/7/keys = {
"times": PackedFloat32Array(0),
"transitions": PackedFloat32Array(1),
"update": 1,
"values": [Vector2(0, -1)]
}
tracks/8/type = "method"
tracks/8/imported = false
tracks/8/enabled = true
tracks/8/path = NodePath(".")
tracks/8/interp = 1
tracks/8/loop_wrap = true
tracks/8/keys = {
"times": PackedFloat32Array(0),
"transitions": PackedFloat32Array(1),
"values": [{
"args": [],
"method": &"go_up"
}]
}

[sub_resource type="Animation" id="Animation_s7m77"]
resource_name = "idle.front"
length = 3.0
loop_mode = 1
tracks/0/type = "value"
tracks/0/imported = false
tracks/0/enabled = true
tracks/0/path = NodePath("content/sprite/body:frame")
tracks/0/interp = 1
tracks/0/loop_wrap = true
tracks/0/keys = {
"times": PackedFloat32Array(0, 0.4, 0.5, 0.6, 0.7, 1.2, 1.3, 1.4, 1.5, 1.8, 2, 2.1, 2.3),
"transitions": PackedFloat32Array(1, 1, 1, 1, 1, 1, 1, 1, 1, 1, 1, 1, 1),
"update": 1,
"values": [16, 17, 18, 17, 16, 19, 20, 21, 16, 19, 16, 19, 16]
}
tracks/1/type = "value"
tracks/1/imported = false
tracks/1/enabled = true
tracks/1/path = NodePath("content/sprite/body:flip_h")
tracks/1/interp = 1
tracks/1/loop_wrap = true
tracks/1/keys = {
"times": PackedFloat32Array(0),
"transitions": PackedFloat32Array(1),
"update": 1,
"values": [false]
}
tracks/2/type = "value"
tracks/2/imported = false
tracks/2/enabled = true
tracks/2/path = NodePath("content/sprite/beak/beak:frame")
tracks/2/interp = 1
tracks/2/loop_wrap = true
tracks/2/keys = {
"times": PackedFloat32Array(0),
"transitions": PackedFloat32Array(1),
"update": 1,
"values": [31]
}
tracks/3/type = "value"
tracks/3/imported = false
tracks/3/enabled = true
tracks/3/path = NodePath("content/sprite/beak:position")
tracks/3/interp = 1
tracks/3/loop_wrap = true
tracks/3/keys = {
"times": PackedFloat32Array(0, 1.2, 1.3, 1.4, 1.5, 1.8, 2, 2.1, 2.3),
"transitions": PackedFloat32Array(1, 1, 1, 1, 1, 1, 1, 1, 1),
"update": 1,
"values": [Vector2(0, 0), Vector2(0, -1), Vector2(0, 0), Vector2(0, 1), Vector2(0, 0), Vector2(0, -1), Vector2(0, 0), Vector2(0, -1), Vector2(0, 0)]
}
tracks/4/type = "value"
tracks/4/imported = false
tracks/4/enabled = true
tracks/4/path = NodePath("content/sprite/beak/beak:flip_h")
tracks/4/interp = 1
tracks/4/loop_wrap = true
tracks/4/keys = {
"times": PackedFloat32Array(0),
"transitions": PackedFloat32Array(1),
"update": 1,
"values": [false]
}
tracks/5/type = "value"
tracks/5/imported = false
tracks/5/enabled = true
tracks/5/path = NodePath("content/sprite/beak/beak:visible")
tracks/5/interp = 1
tracks/5/loop_wrap = true
tracks/5/keys = {
"times": PackedFloat32Array(0),
"transitions": PackedFloat32Array(1),
"update": 1,
"values": [true]
}
tracks/6/type = "value"
tracks/6/imported = false
tracks/6/enabled = true
tracks/6/path = NodePath("content/sprite/beak/beak:flip_h")
tracks/6/interp = 1
tracks/6/loop_wrap = true
tracks/6/keys = {
"times": PackedFloat32Array(0),
"transitions": PackedFloat32Array(1),
"update": 1,
"values": [false]
}
tracks/7/type = "value"
tracks/7/imported = false
tracks/7/enabled = true
tracks/7/path = NodePath("content/sprite/beak/origin:position")
tracks/7/interp = 1
tracks/7/loop_wrap = true
tracks/7/keys = {
"times": PackedFloat32Array(0),
"transitions": PackedFloat32Array(1),
"update": 1,
"values": [Vector2(0, 5)]
}
tracks/8/type = "method"
tracks/8/imported = false
tracks/8/enabled = true
tracks/8/path = NodePath(".")
tracks/8/interp = 1
tracks/8/loop_wrap = true
tracks/8/keys = {
"times": PackedFloat32Array(0),
"transitions": PackedFloat32Array(1),
"values": [{
"args": [],
"method": &"go_down"
}]
}

[sub_resource type="Animation" id="Animation_len7u"]
resource_name = "idle.left"
length = 3.0
loop_mode = 1
tracks/0/type = "value"
tracks/0/imported = false
tracks/0/enabled = true
tracks/0/path = NodePath("content/sprite/body:frame")
tracks/0/interp = 1
tracks/0/loop_wrap = true
tracks/0/keys = {
"times": PackedFloat32Array(0, 0.4, 0.5, 0.6, 0.7, 1.2, 1.3, 1.4, 1.5, 1.8, 2, 2.1, 2.3, 2.6, 2.8),
"transitions": PackedFloat32Array(1, 1, 1, 1, 1, 1, 1, 1, 1, 1, 1, 1, 1, 1, 1),
"update": 1,
"values": [48, 49, 50, 49, 48, 51, 52, 53, 48, 51, 48, 51, 48, 52, 48]
}
tracks/1/type = "value"
tracks/1/imported = false
tracks/1/enabled = true
tracks/1/path = NodePath("content/sprite/body:flip_h")
tracks/1/interp = 1
tracks/1/loop_wrap = true
tracks/1/keys = {
"times": PackedFloat32Array(0),
"transitions": PackedFloat32Array(1),
"update": 1,
"values": [true]
}
tracks/2/type = "value"
tracks/2/imported = false
tracks/2/enabled = true
tracks/2/path = NodePath("content/sprite/beak/beak:frame")
tracks/2/interp = 1
tracks/2/loop_wrap = true
tracks/2/keys = {
"times": PackedFloat32Array(0),
"transitions": PackedFloat32Array(1),
"update": 1,
"values": [15]
}
tracks/3/type = "value"
tracks/3/imported = false
tracks/3/enabled = true
tracks/3/path = NodePath("content/sprite/beak:position")
tracks/3/interp = 1
tracks/3/loop_wrap = true
tracks/3/keys = {
"times": PackedFloat32Array(0, 1.3, 1.5, 2.6, 2.8),
"transitions": PackedFloat32Array(1, 1, 1, 1, 1),
"update": 1,
"values": [Vector2(0, 0), Vector2(0, 1), Vector2(0, 0), Vector2(0, 1), Vector2(0, 0)]
}
tracks/4/type = "value"
tracks/4/imported = false
tracks/4/enabled = true
tracks/4/path = NodePath("content/sprite/beak/beak:flip_h")
tracks/4/interp = 1
tracks/4/loop_wrap = true
tracks/4/keys = {
"times": PackedFloat32Array(0),
"transitions": PackedFloat32Array(1),
"update": 1,
"values": [true]
}
tracks/5/type = "value"
tracks/5/imported = false
tracks/5/enabled = true
tracks/5/path = NodePath("content/sprite/beak/beak:visible")
tracks/5/interp = 1
tracks/5/loop_wrap = true
tracks/5/keys = {
"times": PackedFloat32Array(0),
"transitions": PackedFloat32Array(1),
"update": 1,
"values": [true]
}
tracks/6/type = "value"
tracks/6/imported = false
tracks/6/enabled = true
tracks/6/path = NodePath("content/sprite/beak/beak:flip_h")
tracks/6/interp = 1
tracks/6/loop_wrap = true
tracks/6/keys = {
"times": PackedFloat32Array(0),
"transitions": PackedFloat32Array(1),
"update": 1,
"values": [true]
}
tracks/7/type = "value"
tracks/7/imported = false
tracks/7/enabled = true
tracks/7/path = NodePath("content/sprite/beak/origin:position")
tracks/7/interp = 1
tracks/7/loop_wrap = true
tracks/7/keys = {
"times": PackedFloat32Array(0),
"transitions": PackedFloat32Array(1),
"update": 1,
"values": [Vector2(-12, 3)]
}
tracks/8/type = "method"
tracks/8/imported = false
tracks/8/enabled = true
tracks/8/path = NodePath(".")
tracks/8/interp = 1
tracks/8/loop_wrap = true
tracks/8/keys = {
"times": PackedFloat32Array(0),
"transitions": PackedFloat32Array(1),
"values": [{
"args": [],
"method": &"go_left"
}]
}

[sub_resource type="Animation" id="Animation_qg30m"]
resource_name = "idle.right"
length = 3.0
loop_mode = 1
tracks/0/type = "value"
tracks/0/imported = false
tracks/0/enabled = true
tracks/0/path = NodePath("content/sprite/body:frame")
tracks/0/interp = 1
tracks/0/loop_wrap = true
tracks/0/keys = {
"times": PackedFloat32Array(0, 0.4, 0.5, 0.6, 0.7, 1.2, 1.3, 1.4, 1.5, 1.8, 2, 2.1, 2.3, 2.6, 2.8),
"transitions": PackedFloat32Array(1, 1, 1, 1, 1, 1, 1, 1, 1, 1, 1, 1, 1, 1, 1),
"update": 1,
"values": [48, 49, 50, 49, 48, 51, 52, 53, 48, 51, 48, 51, 48, 52, 48]
}
tracks/1/type = "value"
tracks/1/imported = false
tracks/1/enabled = true
tracks/1/path = NodePath("content/sprite/body:flip_h")
tracks/1/interp = 1
tracks/1/loop_wrap = true
tracks/1/keys = {
"times": PackedFloat32Array(0),
"transitions": PackedFloat32Array(1),
"update": 1,
"values": [false]
}
tracks/2/type = "value"
tracks/2/imported = false
tracks/2/enabled = true
tracks/2/path = NodePath("content/sprite/beak/beak:frame")
tracks/2/interp = 1
tracks/2/loop_wrap = true
tracks/2/keys = {
"times": PackedFloat32Array(0),
"transitions": PackedFloat32Array(1),
"update": 1,
"values": [15]
}
tracks/3/type = "value"
tracks/3/imported = false
tracks/3/enabled = true
tracks/3/path = NodePath("content/sprite/beak:position")
tracks/3/interp = 1
tracks/3/loop_wrap = true
tracks/3/keys = {
"times": PackedFloat32Array(0, 1.3, 1.5, 2.6, 2.8),
"transitions": PackedFloat32Array(1, 1, 1, 1, 1),
"update": 1,
"values": [Vector2(0, 0), Vector2(0, 1), Vector2(0, 0), Vector2(0, 1), Vector2(0, 0)]
}
tracks/4/type = "value"
tracks/4/imported = false
tracks/4/enabled = true
tracks/4/path = NodePath("content/sprite/beak/beak:flip_h")
tracks/4/interp = 1
tracks/4/loop_wrap = true
tracks/4/keys = {
"times": PackedFloat32Array(0),
"transitions": PackedFloat32Array(1),
"update": 1,
"values": [false]
}
tracks/5/type = "value"
tracks/5/imported = false
tracks/5/enabled = true
tracks/5/path = NodePath("content/sprite/beak/beak:visible")
tracks/5/interp = 1
tracks/5/loop_wrap = true
tracks/5/keys = {
"times": PackedFloat32Array(0),
"transitions": PackedFloat32Array(1),
"update": 1,
"values": [true]
}
tracks/6/type = "value"
tracks/6/imported = false
tracks/6/enabled = true
tracks/6/path = NodePath("content/sprite/beak/beak:flip_h")
tracks/6/interp = 1
tracks/6/loop_wrap = true
tracks/6/keys = {
"times": PackedFloat32Array(0),
"transitions": PackedFloat32Array(1),
"update": 1,
"values": [false]
}
tracks/7/type = "value"
tracks/7/imported = false
tracks/7/enabled = true
tracks/7/path = NodePath("content/sprite/beak/origin:position")
tracks/7/interp = 1
tracks/7/loop_wrap = true
tracks/7/keys = {
"times": PackedFloat32Array(0),
"transitions": PackedFloat32Array(1),
"update": 1,
"values": [Vector2(12, 3)]
}
tracks/8/type = "method"
tracks/8/imported = false
tracks/8/enabled = true
tracks/8/path = NodePath(".")
tracks/8/interp = 1
tracks/8/loop_wrap = true
tracks/8/keys = {
"times": PackedFloat32Array(0),
"transitions": PackedFloat32Array(1),
"values": [{
"args": [],
"method": &"go_right"
}]
}

[sub_resource type="Animation" id="Animation_m1quq"]
resource_name = "in.back"
tracks/0/type = "value"
tracks/0/imported = false
tracks/0/enabled = true
tracks/0/path = NodePath("content/sprite/body:frame")
tracks/0/interp = 1
tracks/0/loop_wrap = true
tracks/0/keys = {
"times": PackedFloat32Array(0.1, 0.2, 0.3, 0.4, 0.5, 0.6, 0.7, 0.8, 0.9),
"transitions": PackedFloat32Array(1, 1, 1, 1, 1, 1, 1, 1, 1),
"update": 1,
"values": [32, 38, 39, 38, 32, 40, 41, 40, 32]
}
tracks/1/type = "value"
tracks/1/imported = false
tracks/1/enabled = true
tracks/1/path = NodePath("content/sprite/body:flip_h")
tracks/1/interp = 1
tracks/1/loop_wrap = true
tracks/1/keys = {
"times": PackedFloat32Array(0),
"transitions": PackedFloat32Array(1),
"update": 1,
"values": [false]
}
tracks/2/type = "value"
tracks/2/imported = false
tracks/2/enabled = true
tracks/2/path = NodePath("content/sprite/beak/beak:visible")
tracks/2/interp = 1
tracks/2/loop_wrap = true
tracks/2/keys = {
"times": PackedFloat32Array(0),
"transitions": PackedFloat32Array(1),
"update": 1,
"values": [false]
}
tracks/3/type = "value"
tracks/3/imported = false
tracks/3/enabled = true
tracks/3/path = NodePath("content:position")
tracks/3/interp = 1
tracks/3/loop_wrap = true
tracks/3/keys = {
"times": PackedFloat32Array(0, 0.9),
"transitions": PackedFloat32Array(1, 1),
"update": 0,
"values": [Vector2(0, 40), Vector2(0, 0)]
}
tracks/4/type = "value"
tracks/4/imported = false
tracks/4/enabled = true
tracks/4/path = NodePath(".:visible")
tracks/4/interp = 1
tracks/4/loop_wrap = true
tracks/4/keys = {
"times": PackedFloat32Array(0.1),
"transitions": PackedFloat32Array(1),
"update": 1,
"values": [true]
}

[sub_resource type="Animation" id="Animation_efp8l"]
resource_name = "in.front"
tracks/0/type = "value"
tracks/0/imported = false
tracks/0/enabled = true
tracks/0/path = NodePath("content/sprite/body:frame")
tracks/0/interp = 1
tracks/0/loop_wrap = true
tracks/0/keys = {
"times": PackedFloat32Array(0.1, 0.2, 0.3, 0.4, 0.5, 0.6, 0.7, 0.8, 0.9),
"transitions": PackedFloat32Array(1, 1, 1, 1, 1, 1, 1, 1, 1),
"update": 1,
"values": [16, 22, 23, 22, 16, 24, 25, 24, 16]
}
tracks/1/type = "value"
tracks/1/imported = false
tracks/1/enabled = true
tracks/1/path = NodePath("content/sprite/body:flip_h")
tracks/1/interp = 1
tracks/1/loop_wrap = true
tracks/1/keys = {
"times": PackedFloat32Array(0),
"transitions": PackedFloat32Array(1),
"update": 1,
"values": [false]
}
tracks/2/type = "value"
tracks/2/imported = false
tracks/2/enabled = true
tracks/2/path = NodePath("content/sprite/beak/beak:visible")
tracks/2/interp = 1
tracks/2/loop_wrap = true
tracks/2/keys = {
"times": PackedFloat32Array(0),
"transitions": PackedFloat32Array(1),
"update": 1,
"values": [false]
}
tracks/3/type = "value"
tracks/3/imported = false
tracks/3/enabled = true
tracks/3/path = NodePath("content:position")
tracks/3/interp = 1
tracks/3/loop_wrap = true
tracks/3/keys = {
"times": PackedFloat32Array(0, 0.9),
"transitions": PackedFloat32Array(1, 1),
"update": 0,
"values": [Vector2(0, -40), Vector2(0, 0)]
}
tracks/4/type = "value"
tracks/4/imported = false
tracks/4/enabled = true
tracks/4/path = NodePath(".:visible")
tracks/4/interp = 1
tracks/4/loop_wrap = true
tracks/4/keys = {
"times": PackedFloat32Array(0.1),
"transitions": PackedFloat32Array(1),
"update": 1,
"values": [true]
}

[sub_resource type="Animation" id="Animation_kjro7"]
resource_name = "in.left"
tracks/0/type = "value"
tracks/0/imported = false
tracks/0/enabled = true
tracks/0/path = NodePath("content/sprite/body:frame")
tracks/0/interp = 1
tracks/0/loop_wrap = true
tracks/0/keys = {
"times": PackedFloat32Array(0.1, 0.2, 0.3, 0.4, 0.5, 0.6, 0.7, 0.8, 0.9),
"transitions": PackedFloat32Array(1, 1, 1, 1, 1, 1, 1, 1, 1),
"update": 1,
"values": [48, 54, 55, 54, 48, 56, 57, 56, 48]
}
tracks/1/type = "value"
tracks/1/imported = false
tracks/1/enabled = true
tracks/1/path = NodePath("content/sprite/body:flip_h")
tracks/1/interp = 1
tracks/1/loop_wrap = true
tracks/1/keys = {
"times": PackedFloat32Array(0),
"transitions": PackedFloat32Array(1),
"update": 1,
"values": [true]
}
tracks/2/type = "value"
tracks/2/imported = false
tracks/2/enabled = true
tracks/2/path = NodePath("content/sprite/beak/beak:visible")
tracks/2/interp = 1
tracks/2/loop_wrap = true
tracks/2/keys = {
"times": PackedFloat32Array(0),
"transitions": PackedFloat32Array(1),
"update": 1,
"values": [false]
}
tracks/3/type = "value"
tracks/3/imported = false
tracks/3/enabled = true
tracks/3/path = NodePath("content:position")
tracks/3/interp = 1
tracks/3/loop_wrap = true
tracks/3/keys = {
"times": PackedFloat32Array(0, 0.9),
"transitions": PackedFloat32Array(1, 1),
"update": 0,
"values": [Vector2(40, 0), Vector2(0, 0)]
}
tracks/4/type = "value"
tracks/4/imported = false
tracks/4/enabled = true
tracks/4/path = NodePath(".:visible")
tracks/4/interp = 1
tracks/4/loop_wrap = true
tracks/4/keys = {
"times": PackedFloat32Array(0.1),
"transitions": PackedFloat32Array(1),
"update": 1,
"values": [true]
}

[sub_resource type="Animation" id="Animation_pfymf"]
resource_name = "in.right"
tracks/0/type = "value"
tracks/0/imported = false
tracks/0/enabled = true
tracks/0/path = NodePath("content/sprite/body:frame")
tracks/0/interp = 1
tracks/0/loop_wrap = true
tracks/0/keys = {
"times": PackedFloat32Array(0.1, 0.2, 0.3, 0.4, 0.5, 0.6, 0.7, 0.8, 0.9),
"transitions": PackedFloat32Array(1, 1, 1, 1, 1, 1, 1, 1, 1),
"update": 1,
"values": [48, 54, 55, 54, 48, 56, 57, 56, 48]
}
tracks/1/type = "value"
tracks/1/imported = false
tracks/1/enabled = true
tracks/1/path = NodePath("content/sprite/body:flip_h")
tracks/1/interp = 1
tracks/1/loop_wrap = true
tracks/1/keys = {
"times": PackedFloat32Array(0),
"transitions": PackedFloat32Array(1),
"update": 1,
"values": [false]
}
tracks/2/type = "value"
tracks/2/imported = false
tracks/2/enabled = true
tracks/2/path = NodePath("content/sprite/beak/beak:visible")
tracks/2/interp = 1
tracks/2/loop_wrap = true
tracks/2/keys = {
"times": PackedFloat32Array(0),
"transitions": PackedFloat32Array(1),
"update": 1,
"values": [false]
}
tracks/3/type = "value"
tracks/3/imported = false
tracks/3/enabled = true
tracks/3/path = NodePath("content:position")
tracks/3/interp = 1
tracks/3/loop_wrap = true
tracks/3/keys = {
"times": PackedFloat32Array(0, 0.9),
"transitions": PackedFloat32Array(1, 1),
"update": 0,
"values": [Vector2(-40, 0), Vector2(0, 0)]
}
tracks/4/type = "value"
tracks/4/imported = false
tracks/4/enabled = true
tracks/4/path = NodePath(".:visible")
tracks/4/interp = 1
tracks/4/loop_wrap = true
tracks/4/keys = {
"times": PackedFloat32Array(0.1),
"transitions": PackedFloat32Array(1),
"update": 1,
"values": [true]
}

[sub_resource type="Animation" id="Animation_v8qd4"]
resource_name = "init"
length = 0.1
tracks/0/type = "value"
tracks/0/imported = false
tracks/0/enabled = true
tracks/0/path = NodePath(".:visible")
tracks/0/interp = 1
tracks/0/loop_wrap = true
tracks/0/keys = {
"times": PackedFloat32Array(0),
"transitions": PackedFloat32Array(1),
"update": 1,
"values": [false]
}
tracks/1/type = "method"
tracks/1/imported = false
tracks/1/enabled = true
tracks/1/path = NodePath(".")
tracks/1/interp = 1
tracks/1/loop_wrap = true
tracks/1/keys = {
"times": PackedFloat32Array(0),
"transitions": PackedFloat32Array(1),
"values": [{
"args": [],
"method": &"set_inactive"
}]
}
tracks/2/type = "value"
tracks/2/imported = false
tracks/2/enabled = true
tracks/2/path = NodePath("content/sprite/shadow:visible")
tracks/2/interp = 1
tracks/2/loop_wrap = true
tracks/2/keys = {
"times": PackedFloat32Array(0),
"transitions": PackedFloat32Array(1),
"update": 1,
"values": [true]
}
tracks/3/type = "value"
tracks/3/imported = false
tracks/3/enabled = true
tracks/3/path = NodePath("content/sprite/shadow:position")
tracks/3/interp = 1
tracks/3/loop_wrap = true
tracks/3/keys = {
"times": PackedFloat32Array(0),
"transitions": PackedFloat32Array(1),
"update": 0,
"values": [Vector2(0, 15)]
}

[sub_resource type="Animation" id="Animation_tbohh"]
resource_name = "jump.front"
length = 3.0
step = 0.05
tracks/0/type = "value"
tracks/0/imported = false
tracks/0/enabled = true
tracks/0/path = NodePath("content/sprite/body:frame")
tracks/0/interp = 1
tracks/0/loop_wrap = true
tracks/0/keys = {
"times": PackedFloat32Array(0, 0.1, 0.2, 0.3, 0.4, 0.5, 0.55, 0.6, 0.65),
"transitions": PackedFloat32Array(1, 1, 1, 1, 1, 1, 1, 1, 1),
"update": 1,
"values": [64, 65, 66, 67, 68, 69, 70, 71, 72]
}
tracks/1/type = "value"
tracks/1/imported = false
tracks/1/enabled = true
tracks/1/path = NodePath("content/sprite/beak/beak:visible")
tracks/1/interp = 1
tracks/1/loop_wrap = true
tracks/1/keys = {
"times": PackedFloat32Array(0),
"transitions": PackedFloat32Array(1),
"update": 1,
"values": [false]
}
tracks/2/type = "value"
tracks/2/imported = false
tracks/2/enabled = true
tracks/2/path = NodePath("content/sprite/body:position")
tracks/2/interp = 1
tracks/2/loop_wrap = true
tracks/2/keys = {
"times": PackedFloat32Array(0, 0.2, 0.3, 0.5, 0.65),
"transitions": PackedFloat32Array(1, 1, 1, 1, 1),
"update": 0,
"values": [Vector2(0, 0), Vector2(0, -15), Vector2(0, -15), Vector2(0, 5), Vector2(0, 15)]
}
tracks/3/type = "value"
tracks/3/imported = false
tracks/3/enabled = true
tracks/3/path = NodePath(".:visible")
tracks/3/interp = 1
tracks/3/loop_wrap = true
tracks/3/keys = {
"times": PackedFloat32Array(0),
"transitions": PackedFloat32Array(1),
"update": 1,
"values": [true]
}
tracks/4/type = "value"
tracks/4/imported = false
tracks/4/enabled = true
tracks/4/path = NodePath("content/sprite/body:visible")
tracks/4/interp = 1
tracks/4/loop_wrap = true
tracks/4/keys = {
"times": PackedFloat32Array(0, 0.7),
"transitions": PackedFloat32Array(1, 1),
"update": 1,
"values": [true, false]
}
tracks/5/type = "value"
tracks/5/imported = false
tracks/5/enabled = true
tracks/5/path = NodePath("content/sprite/shadow:visible")
tracks/5/interp = 1
tracks/5/loop_wrap = true
tracks/5/keys = {
"times": PackedFloat32Array(0, 0.3),
"transitions": PackedFloat32Array(1, 1),
"update": 1,
"values": [true, false]
}

[sub_resource type="Animation" id="Animation_2yvug"]
resource_name = "out.back"
tracks/0/type = "value"
tracks/0/imported = false
tracks/0/enabled = true
tracks/0/path = NodePath("content/sprite/body:frame")
tracks/0/interp = 1
tracks/0/loop_wrap = true
tracks/0/keys = {
"times": PackedFloat32Array(0, 0.1, 0.2, 0.3, 0.4, 0.5, 0.6, 0.7, 0.8),
"transitions": PackedFloat32Array(1, 1, 1, 1, 1, 1, 1, 1, 1),
"update": 1,
"values": [16, 22, 23, 22, 16, 24, 25, 24, 16]
}
tracks/1/type = "value"
tracks/1/imported = false
tracks/1/enabled = true
tracks/1/path = NodePath("content/sprite/body:flip_h")
tracks/1/interp = 1
tracks/1/loop_wrap = true
tracks/1/keys = {
"times": PackedFloat32Array(0),
"transitions": PackedFloat32Array(1),
"update": 1,
"values": [false]
}
tracks/2/type = "value"
tracks/2/imported = false
tracks/2/enabled = true
tracks/2/path = NodePath("content/sprite/beak/beak:visible")
tracks/2/interp = 1
tracks/2/loop_wrap = true
tracks/2/keys = {
"times": PackedFloat32Array(0),
"transitions": PackedFloat32Array(1),
"update": 1,
"values": [false]
}
tracks/3/type = "value"
tracks/3/imported = false
tracks/3/enabled = true
tracks/3/path = NodePath("content:position")
tracks/3/interp = 1
tracks/3/loop_wrap = true
tracks/3/keys = {
"times": PackedFloat32Array(0, 0.8),
"transitions": PackedFloat32Array(1, 1),
"update": 0,
"values": [Vector2(0, 0), Vector2(0, 40)]
}
tracks/4/type = "value"
tracks/4/imported = false
tracks/4/enabled = true
tracks/4/path = NodePath(".:visible")
tracks/4/interp = 1
tracks/4/loop_wrap = true
tracks/4/keys = {
"times": PackedFloat32Array(0.9),
"transitions": PackedFloat32Array(1),
"update": 1,
"values": [false]
}

[sub_resource type="Animation" id="Animation_546k5"]
resource_name = "out.front"
tracks/0/type = "value"
tracks/0/imported = false
tracks/0/enabled = true
tracks/0/path = NodePath("content/sprite/body:frame")
tracks/0/interp = 1
tracks/0/loop_wrap = true
tracks/0/keys = {
"times": PackedFloat32Array(0, 0.1, 0.2, 0.3, 0.4, 0.5, 0.6, 0.7, 0.8),
"transitions": PackedFloat32Array(1, 1, 1, 1, 1, 1, 1, 1, 1),
"update": 1,
"values": [32, 38, 39, 38, 32, 40, 41, 40, 32]
}
tracks/1/type = "value"
tracks/1/imported = false
tracks/1/enabled = true
tracks/1/path = NodePath("content/sprite/body:flip_h")
tracks/1/interp = 1
tracks/1/loop_wrap = true
tracks/1/keys = {
"times": PackedFloat32Array(0),
"transitions": PackedFloat32Array(1),
"update": 1,
"values": [false]
}
tracks/2/type = "value"
tracks/2/imported = false
tracks/2/enabled = true
tracks/2/path = NodePath("content/sprite/beak/beak:visible")
tracks/2/interp = 1
tracks/2/loop_wrap = true
tracks/2/keys = {
"times": PackedFloat32Array(0),
"transitions": PackedFloat32Array(1),
"update": 1,
"values": [false]
}
tracks/3/type = "value"
tracks/3/imported = false
tracks/3/enabled = true
tracks/3/path = NodePath("content:position")
tracks/3/interp = 1
tracks/3/loop_wrap = true
tracks/3/keys = {
"times": PackedFloat32Array(0, 0.8),
"transitions": PackedFloat32Array(1, 1),
"update": 0,
"values": [Vector2(0, 0), Vector2(0, -40)]
}
tracks/4/type = "value"
tracks/4/imported = false
tracks/4/enabled = true
tracks/4/path = NodePath(".:visible")
tracks/4/interp = 1
tracks/4/loop_wrap = true
tracks/4/keys = {
"times": PackedFloat32Array(0.9),
"transitions": PackedFloat32Array(1),
"update": 1,
"values": [false]
}

[sub_resource type="Animation" id="Animation_3dvun"]
resource_name = "out.left"
tracks/0/type = "value"
tracks/0/imported = false
tracks/0/enabled = true
tracks/0/path = NodePath("content/sprite/body:frame")
tracks/0/interp = 1
tracks/0/loop_wrap = true
tracks/0/keys = {
"times": PackedFloat32Array(0, 0.1, 0.2, 0.3, 0.4, 0.5, 0.6, 0.7, 0.8),
"transitions": PackedFloat32Array(1, 1, 1, 1, 1, 1, 1, 1, 1),
"update": 1,
"values": [48, 54, 55, 54, 48, 56, 57, 56, 48]
}
tracks/1/type = "value"
tracks/1/imported = false
tracks/1/enabled = true
tracks/1/path = NodePath("content/sprite/body:flip_h")
tracks/1/interp = 1
tracks/1/loop_wrap = true
tracks/1/keys = {
"times": PackedFloat32Array(0),
"transitions": PackedFloat32Array(1),
"update": 1,
"values": [false]
}
tracks/2/type = "value"
tracks/2/imported = false
tracks/2/enabled = true
tracks/2/path = NodePath("content/sprite/beak/beak:visible")
tracks/2/interp = 1
tracks/2/loop_wrap = true
tracks/2/keys = {
"times": PackedFloat32Array(0),
"transitions": PackedFloat32Array(1),
"update": 1,
"values": [false]
}
tracks/3/type = "value"
tracks/3/imported = false
tracks/3/enabled = true
tracks/3/path = NodePath("content:position")
tracks/3/interp = 1
tracks/3/loop_wrap = true
tracks/3/keys = {
"times": PackedFloat32Array(0, 0.8),
"transitions": PackedFloat32Array(1, 1),
"update": 0,
"values": [Vector2(0, 0), Vector2(40, 0)]
}
tracks/4/type = "value"
tracks/4/imported = false
tracks/4/enabled = true
tracks/4/path = NodePath(".:visible")
tracks/4/interp = 1
tracks/4/loop_wrap = true
tracks/4/keys = {
"times": PackedFloat32Array(0.9),
"transitions": PackedFloat32Array(1),
"update": 1,
"values": [false]
}

[sub_resource type="Animation" id="Animation_7hvub"]
resource_name = "out.right"
tracks/0/type = "value"
tracks/0/imported = false
tracks/0/enabled = true
tracks/0/path = NodePath("content/sprite/body:frame")
tracks/0/interp = 1
tracks/0/loop_wrap = true
tracks/0/keys = {
"times": PackedFloat32Array(0, 0.1, 0.2, 0.3, 0.4, 0.5, 0.6, 0.7, 0.8),
"transitions": PackedFloat32Array(1, 1, 1, 1, 1, 1, 1, 1, 1),
"update": 1,
"values": [48, 54, 55, 54, 48, 56, 57, 56, 48]
}
tracks/1/type = "value"
tracks/1/imported = false
tracks/1/enabled = true
tracks/1/path = NodePath("content/sprite/body:flip_h")
tracks/1/interp = 1
tracks/1/loop_wrap = true
tracks/1/keys = {
"times": PackedFloat32Array(0),
"transitions": PackedFloat32Array(1),
"update": 1,
"values": [true]
}
tracks/2/type = "value"
tracks/2/imported = false
tracks/2/enabled = true
tracks/2/path = NodePath("content/sprite/beak/beak:visible")
tracks/2/interp = 1
tracks/2/loop_wrap = true
tracks/2/keys = {
"times": PackedFloat32Array(0),
"transitions": PackedFloat32Array(1),
"update": 1,
"values": [false]
}
tracks/3/type = "value"
tracks/3/imported = false
tracks/3/enabled = true
tracks/3/path = NodePath("content:position")
tracks/3/interp = 1
tracks/3/loop_wrap = true
tracks/3/keys = {
"times": PackedFloat32Array(0, 0.8),
"transitions": PackedFloat32Array(1, 1),
"update": 0,
"values": [Vector2(0, 0), Vector2(-40, 0)]
}
tracks/4/type = "value"
tracks/4/imported = false
tracks/4/enabled = true
tracks/4/path = NodePath(".:visible")
tracks/4/interp = 1
tracks/4/loop_wrap = true
tracks/4/keys = {
"times": PackedFloat32Array(0.9),
"transitions": PackedFloat32Array(1),
"update": 1,
"values": [false]
}

[sub_resource type="Animation" id="Animation_3v113"]
resource_name = "run.back"
length = 0.8
loop_mode = 1
tracks/0/type = "value"
tracks/0/imported = false
tracks/0/enabled = true
tracks/0/path = NodePath("content/sprite/body:frame")
tracks/0/interp = 1
tracks/0/loop_wrap = true
tracks/0/keys = {
"times": PackedFloat32Array(0, 0.1, 0.2, 0.3, 0.4, 0.5, 0.6, 0.7),
"transitions": PackedFloat32Array(1, 1, 1, 1, 1, 1, 1, 1),
"update": 1,
"values": [32, 38, 39, 38, 32, 40, 41, 32]
}
tracks/1/type = "value"
tracks/1/imported = false
tracks/1/enabled = true
tracks/1/path = NodePath("content/sprite/body:flip_h")
tracks/1/interp = 1
tracks/1/loop_wrap = true
tracks/1/keys = {
"times": PackedFloat32Array(0),
"transitions": PackedFloat32Array(1),
"update": 1,
"values": [false]
}
tracks/2/type = "value"
tracks/2/imported = false
tracks/2/enabled = true
tracks/2/path = NodePath("content/sprite/beak/beak:frame")
tracks/2/interp = 1
tracks/2/loop_wrap = true
tracks/2/keys = {
"times": PackedFloat32Array(0),
"transitions": PackedFloat32Array(1),
"update": 1,
"values": [31]
}
tracks/3/type = "value"
tracks/3/imported = false
tracks/3/enabled = true
tracks/3/path = NodePath("content/sprite/beak:position")
tracks/3/interp = 1
tracks/3/loop_wrap = true
tracks/3/keys = {
"times": PackedFloat32Array(0, 0.2, 0.3, 0.6, 0.7),
"transitions": PackedFloat32Array(1, 1, 1, 1, 1),
"update": 1,
"values": [Vector2(0, 0), Vector2(0, -1), Vector2(0, 0), Vector2(0, -1), Vector2(0, 0)]
}
tracks/4/type = "value"
tracks/4/imported = false
tracks/4/enabled = true
tracks/4/path = NodePath("content/sprite/beak/beak:flip_h")
tracks/4/interp = 1
tracks/4/loop_wrap = true
tracks/4/keys = {
"times": PackedFloat32Array(0),
"transitions": PackedFloat32Array(1),
"update": 1,
"values": [false]
}
tracks/5/type = "value"
tracks/5/imported = false
tracks/5/enabled = true
tracks/5/path = NodePath("content/sprite/beak/beak:visible")
tracks/5/interp = 1
tracks/5/loop_wrap = true
tracks/5/keys = {
"times": PackedFloat32Array(0),
"transitions": PackedFloat32Array(1),
"update": 1,
"values": [false]
}
tracks/6/type = "value"
tracks/6/imported = false
tracks/6/enabled = true
tracks/6/path = NodePath("content/sprite/beak/beak:flip_h")
tracks/6/interp = 1
tracks/6/loop_wrap = true
tracks/6/keys = {
"times": PackedFloat32Array(0),
"transitions": PackedFloat32Array(1),
"update": 1,
"values": [false]
}
tracks/7/type = "value"
tracks/7/imported = false
tracks/7/enabled = true
tracks/7/path = NodePath("content/sprite/beak/origin:position")
tracks/7/interp = 1
tracks/7/loop_wrap = true
tracks/7/keys = {
"times": PackedFloat32Array(0),
"transitions": PackedFloat32Array(1),
"update": 1,
"values": [Vector2(0, -1)]
}
tracks/8/type = "method"
tracks/8/imported = false
tracks/8/enabled = true
tracks/8/path = NodePath(".")
tracks/8/interp = 1
tracks/8/loop_wrap = true
tracks/8/keys = {
"times": PackedFloat32Array(0),
"transitions": PackedFloat32Array(1),
"values": [{
"args": [],
"method": &"go_up"
}]
}

[sub_resource type="Animation" id="Animation_hosqh"]
resource_name = "run.front"
length = 0.8
loop_mode = 1
tracks/0/type = "value"
tracks/0/imported = false
tracks/0/enabled = true
tracks/0/path = NodePath("content/sprite/body:frame")
tracks/0/interp = 1
tracks/0/loop_wrap = true
tracks/0/keys = {
"times": PackedFloat32Array(0, 0.1, 0.2, 0.3, 0.4, 0.5, 0.6, 0.7),
"transitions": PackedFloat32Array(1, 1, 1, 1, 1, 1, 1, 1),
"update": 1,
"values": [16, 22, 23, 22, 16, 24, 25, 24]
}
tracks/1/type = "value"
tracks/1/imported = false
tracks/1/enabled = true
tracks/1/path = NodePath("content/sprite/body:flip_h")
tracks/1/interp = 1
tracks/1/loop_wrap = true
tracks/1/keys = {
"times": PackedFloat32Array(0),
"transitions": PackedFloat32Array(1),
"update": 1,
"values": [false]
}
tracks/2/type = "value"
tracks/2/imported = false
tracks/2/enabled = true
tracks/2/path = NodePath("content/sprite/beak/beak:frame")
tracks/2/interp = 1
tracks/2/loop_wrap = true
tracks/2/keys = {
"times": PackedFloat32Array(0),
"transitions": PackedFloat32Array(1),
"update": 1,
"values": [31]
}
tracks/3/type = "value"
tracks/3/imported = false
tracks/3/enabled = true
tracks/3/path = NodePath("content/sprite/beak:position")
tracks/3/interp = 1
tracks/3/loop_wrap = true
tracks/3/keys = {
"times": PackedFloat32Array(0, 0.2, 0.3, 0.6, 0.7),
"transitions": PackedFloat32Array(1, 1, 1, 1, 1),
"update": 1,
"values": [Vector2(0, 0), Vector2(0, -1), Vector2(0, 0), Vector2(0, -1), Vector2(0, 0)]
}
tracks/4/type = "value"
tracks/4/imported = false
tracks/4/enabled = true
tracks/4/path = NodePath("content/sprite/beak/beak:flip_h")
tracks/4/interp = 1
tracks/4/loop_wrap = true
tracks/4/keys = {
"times": PackedFloat32Array(0),
"transitions": PackedFloat32Array(1),
"update": 1,
"values": [false]
}
tracks/5/type = "value"
tracks/5/imported = false
tracks/5/enabled = true
tracks/5/path = NodePath("content/sprite/beak/beak:visible")
tracks/5/interp = 1
tracks/5/loop_wrap = true
tracks/5/keys = {
"times": PackedFloat32Array(0),
"transitions": PackedFloat32Array(1),
"update": 1,
"values": [true]
}
tracks/6/type = "value"
tracks/6/imported = false
tracks/6/enabled = true
tracks/6/path = NodePath("content/sprite/beak/beak:flip_h")
tracks/6/interp = 1
tracks/6/loop_wrap = true
tracks/6/keys = {
"times": PackedFloat32Array(0),
"transitions": PackedFloat32Array(1),
"update": 1,
"values": [false]
}
tracks/7/type = "value"
tracks/7/imported = false
tracks/7/enabled = true
tracks/7/path = NodePath("content/sprite/beak/origin:position")
tracks/7/interp = 1
tracks/7/loop_wrap = true
tracks/7/keys = {
"times": PackedFloat32Array(0),
"transitions": PackedFloat32Array(1),
"update": 1,
"values": [Vector2(0, 5)]
}
tracks/8/type = "method"
tracks/8/imported = false
tracks/8/enabled = true
tracks/8/path = NodePath(".")
tracks/8/interp = 1
tracks/8/loop_wrap = true
tracks/8/keys = {
"times": PackedFloat32Array(0),
"transitions": PackedFloat32Array(1),
"values": [{
"args": [],
"method": &"go_down"
}]
}

[sub_resource type="Animation" id="Animation_dhn4t"]
resource_name = "run.left"
length = 0.8
loop_mode = 1
tracks/0/type = "value"
tracks/0/imported = false
tracks/0/enabled = true
tracks/0/path = NodePath("content/sprite/body:frame")
tracks/0/interp = 1
tracks/0/loop_wrap = true
tracks/0/keys = {
"times": PackedFloat32Array(0, 0.1, 0.2, 0.3, 0.4, 0.5, 0.6, 0.7),
"transitions": PackedFloat32Array(1, 1, 1, 1, 1, 1, 1, 1),
"update": 1,
"values": [48, 54, 55, 54, 48, 56, 57, 56]
}
tracks/1/type = "value"
tracks/1/imported = false
tracks/1/enabled = true
tracks/1/path = NodePath("content/sprite/body:flip_h")
tracks/1/interp = 1
tracks/1/loop_wrap = true
tracks/1/keys = {
"times": PackedFloat32Array(0),
"transitions": PackedFloat32Array(1),
"update": 1,
"values": [true]
}
tracks/2/type = "value"
tracks/2/imported = false
tracks/2/enabled = true
tracks/2/path = NodePath("content/sprite/beak/beak:frame")
tracks/2/interp = 1
tracks/2/loop_wrap = true
tracks/2/keys = {
"times": PackedFloat32Array(0),
"transitions": PackedFloat32Array(1),
"update": 1,
"values": [15]
}
tracks/3/type = "value"
tracks/3/imported = false
tracks/3/enabled = true
tracks/3/path = NodePath("content/sprite/beak:position")
tracks/3/interp = 1
tracks/3/loop_wrap = true
tracks/3/keys = {
"times": PackedFloat32Array(0, 0.2, 0.3, 0.6, 0.7),
"transitions": PackedFloat32Array(1, 1, 1, 1, 1),
"update": 1,
"values": [Vector2(0, 0), Vector2(0, -1), Vector2(0, 0), Vector2(0, -1), Vector2(0, 0)]
}
tracks/4/type = "value"
tracks/4/imported = false
tracks/4/enabled = true
tracks/4/path = NodePath("content/sprite/beak/beak:flip_h")
tracks/4/interp = 1
tracks/4/loop_wrap = true
tracks/4/keys = {
"times": PackedFloat32Array(0),
"transitions": PackedFloat32Array(1),
"update": 1,
"values": [true]
}
tracks/5/type = "value"
tracks/5/imported = false
tracks/5/enabled = true
tracks/5/path = NodePath("content/sprite/beak/beak:visible")
tracks/5/interp = 1
tracks/5/loop_wrap = true
tracks/5/keys = {
"times": PackedFloat32Array(0),
"transitions": PackedFloat32Array(1),
"update": 1,
"values": [true]
}
tracks/6/type = "value"
tracks/6/imported = false
tracks/6/enabled = true
tracks/6/path = NodePath("content/sprite/beak/beak:flip_h")
tracks/6/interp = 1
tracks/6/loop_wrap = true
tracks/6/keys = {
"times": PackedFloat32Array(0),
"transitions": PackedFloat32Array(1),
"update": 1,
"values": [true]
}
tracks/7/type = "value"
tracks/7/imported = false
tracks/7/enabled = true
tracks/7/path = NodePath("content/sprite/beak/origin:position")
tracks/7/interp = 1
tracks/7/loop_wrap = true
tracks/7/keys = {
"times": PackedFloat32Array(0),
"transitions": PackedFloat32Array(1),
"update": 1,
"values": [Vector2(-12, 3)]
}
tracks/8/type = "method"
tracks/8/imported = false
tracks/8/enabled = true
tracks/8/path = NodePath(".")
tracks/8/interp = 1
tracks/8/loop_wrap = true
tracks/8/keys = {
"times": PackedFloat32Array(0),
"transitions": PackedFloat32Array(1),
"values": [{
"args": [],
"method": &"go_left"
}]
}

[sub_resource type="Animation" id="Animation_hrhtm"]
resource_name = "run.right"
length = 0.8
loop_mode = 1
tracks/0/type = "value"
tracks/0/imported = false
tracks/0/enabled = true
tracks/0/path = NodePath("content/sprite/body:frame")
tracks/0/interp = 1
tracks/0/loop_wrap = true
tracks/0/keys = {
"times": PackedFloat32Array(0, 0.1, 0.2, 0.3, 0.4, 0.5, 0.6, 0.7),
"transitions": PackedFloat32Array(1, 1, 1, 1, 1, 1, 1, 1),
"update": 1,
"values": [48, 54, 55, 54, 48, 56, 57, 56]
}
tracks/1/type = "value"
tracks/1/imported = false
tracks/1/enabled = true
tracks/1/path = NodePath("content/sprite/body:flip_h")
tracks/1/interp = 1
tracks/1/loop_wrap = true
tracks/1/keys = {
"times": PackedFloat32Array(0),
"transitions": PackedFloat32Array(1),
"update": 1,
"values": [false]
}
tracks/2/type = "value"
tracks/2/imported = false
tracks/2/enabled = true
tracks/2/path = NodePath("content/sprite/beak/beak:frame")
tracks/2/interp = 1
tracks/2/loop_wrap = true
tracks/2/keys = {
"times": PackedFloat32Array(0),
"transitions": PackedFloat32Array(1),
"update": 1,
"values": [15]
}
tracks/3/type = "value"
tracks/3/imported = false
tracks/3/enabled = true
tracks/3/path = NodePath("content/sprite/beak:position")
tracks/3/interp = 1
tracks/3/loop_wrap = true
tracks/3/keys = {
"times": PackedFloat32Array(0, 0.2, 0.3, 0.6, 0.7),
"transitions": PackedFloat32Array(1, 1, 1, 1, 1),
"update": 1,
"values": [Vector2(0, 0), Vector2(0, -1), Vector2(0, 0), Vector2(0, -1), Vector2(0, 0)]
}
tracks/4/type = "value"
tracks/4/imported = false
tracks/4/enabled = true
tracks/4/path = NodePath("content/sprite/beak/beak:flip_h")
tracks/4/interp = 1
tracks/4/loop_wrap = true
tracks/4/keys = {
"times": PackedFloat32Array(0),
"transitions": PackedFloat32Array(1),
"update": 1,
"values": [false]
}
tracks/5/type = "value"
tracks/5/imported = false
tracks/5/enabled = true
tracks/5/path = NodePath("content/sprite/beak/beak:visible")
tracks/5/interp = 1
tracks/5/loop_wrap = true
tracks/5/keys = {
"times": PackedFloat32Array(0),
"transitions": PackedFloat32Array(1),
"update": 1,
"values": [true]
}
tracks/6/type = "value"
tracks/6/imported = false
tracks/6/enabled = true
tracks/6/path = NodePath("content/sprite/beak/beak:flip_h")
tracks/6/interp = 1
tracks/6/loop_wrap = true
tracks/6/keys = {
"times": PackedFloat32Array(0),
"transitions": PackedFloat32Array(1),
"update": 1,
"values": [false]
}
tracks/7/type = "value"
tracks/7/imported = false
tracks/7/enabled = true
tracks/7/path = NodePath("content/sprite/beak/origin:position")
tracks/7/interp = 1
tracks/7/loop_wrap = true
tracks/7/keys = {
"times": PackedFloat32Array(0),
"transitions": PackedFloat32Array(1),
"update": 1,
"values": [Vector2(12, 3)]
}
tracks/8/type = "method"
tracks/8/imported = false
tracks/8/enabled = true
tracks/8/path = NodePath(".")
tracks/8/interp = 1
tracks/8/loop_wrap = true
tracks/8/keys = {
"times": PackedFloat32Array(0),
"transitions": PackedFloat32Array(1),
"values": [{
"args": [],
"method": &"go_right"
}]
}

[sub_resource type="AnimationLibrary" id="AnimationLibrary_3hppt"]
_data = {
"RESET": SubResource("Animation_er0kh"),
"default": SubResource("Animation_lr4p5"),
"die.front": SubResource("Animation_prbxj"),
"fall.front": SubResource("Animation_fs1cp"),
"frozen": SubResource("Animation_qv4kf"),
"hit.back": SubResource("Animation_rb2ah"),
"hit.front": SubResource("Animation_dcgnu"),
"hit.left": SubResource("Animation_m7epx"),
"hit.right": SubResource("Animation_28tqd"),
"idle.back": SubResource("Animation_sd70u"),
"idle.front": SubResource("Animation_s7m77"),
"idle.left": SubResource("Animation_len7u"),
"idle.right": SubResource("Animation_qg30m"),
"in.back": SubResource("Animation_m1quq"),
"in.front": SubResource("Animation_efp8l"),
"in.left": SubResource("Animation_kjro7"),
"in.right": SubResource("Animation_pfymf"),
"init": SubResource("Animation_v8qd4"),
"jump.front": SubResource("Animation_tbohh"),
"out.back": SubResource("Animation_2yvug"),
"out.front": SubResource("Animation_546k5"),
"out.left": SubResource("Animation_3dvun"),
"out.right": SubResource("Animation_7hvub"),
"run.back": SubResource("Animation_3v113"),
"run.front": SubResource("Animation_hosqh"),
"run.left": SubResource("Animation_dhn4t"),
"run.right": SubResource("Animation_hrhtm")
}

[sub_resource type="AnimationNodeAnimation" id="AnimationNodeAnimation_vf6fx"]
animation = &"default"

[sub_resource type="AnimationNodeAnimation" id="AnimationNodeAnimation_4v1nj"]
animation = &"die.front"

[sub_resource type="AnimationNodeAnimation" id="AnimationNodeAnimation_1qdnb"]
animation = &"fall.front"

[sub_resource type="AnimationNodeAnimation" id="AnimationNodeAnimation_g7fue"]
animation = &"frozen"

[sub_resource type="AnimationNodeAnimation" id="AnimationNodeAnimation_go2r3"]
animation = &"hit.front"

[sub_resource type="AnimationNodeAnimation" id="AnimationNodeAnimation_sy2tf"]
animation = &"hit.right"

[sub_resource type="AnimationNodeAnimation" id="AnimationNodeAnimation_8bphv"]
animation = &"hit.back"

[sub_resource type="AnimationNodeAnimation" id="AnimationNodeAnimation_7b151"]
animation = &"hit.left"

[sub_resource type="AnimationNodeBlendSpace2D" id="AnimationNodeBlendSpace2D_launr"]
blend_point_0/node = SubResource("AnimationNodeAnimation_go2r3")
blend_point_0/pos = Vector2(0, 1.1)
blend_point_1/node = SubResource("AnimationNodeAnimation_sy2tf")
blend_point_1/pos = Vector2(1, 0)
blend_point_2/node = SubResource("AnimationNodeAnimation_8bphv")
blend_point_2/pos = Vector2(0, -1.1)
blend_point_3/node = SubResource("AnimationNodeAnimation_7b151")
blend_point_3/pos = Vector2(-1, 0)
min_space = Vector2(-1, -1.1)
max_space = Vector2(1, 1.1)
blend_mode = 1

[sub_resource type="AnimationNodeAnimation" id="AnimationNodeAnimation_fpif4"]
animation = &"idle.front"

[sub_resource type="AnimationNodeAnimation" id="AnimationNodeAnimation_jeieh"]
animation = &"idle.right"

[sub_resource type="AnimationNodeAnimation" id="AnimationNodeAnimation_xf5pm"]
animation = &"idle.back"

[sub_resource type="AnimationNodeAnimation" id="AnimationNodeAnimation_miksr"]
animation = &"idle.left"

[sub_resource type="AnimationNodeBlendSpace2D" id="AnimationNodeBlendSpace2D_mjgt8"]
blend_point_0/node = SubResource("AnimationNodeAnimation_fpif4")
blend_point_0/pos = Vector2(0, 1.1)
blend_point_1/node = SubResource("AnimationNodeAnimation_jeieh")
blend_point_1/pos = Vector2(1, 0)
blend_point_2/node = SubResource("AnimationNodeAnimation_xf5pm")
blend_point_2/pos = Vector2(0, -1.1)
blend_point_3/node = SubResource("AnimationNodeAnimation_miksr")
blend_point_3/pos = Vector2(-1, 0)
min_space = Vector2(-1, -1.1)
max_space = Vector2(1, 1.1)
blend_mode = 1

[sub_resource type="AnimationNodeAnimation" id="AnimationNodeAnimation_lyok5"]
animation = &"in.front"

[sub_resource type="AnimationNodeAnimation" id="AnimationNodeAnimation_fxplg"]
animation = &"in.left"

[sub_resource type="AnimationNodeAnimation" id="AnimationNodeAnimation_pu2h0"]
animation = &"in.back"

[sub_resource type="AnimationNodeAnimation" id="AnimationNodeAnimation_4uhln"]
animation = &"in.right"

[sub_resource type="AnimationNodeBlendSpace2D" id="AnimationNodeBlendSpace2D_0mo7j"]
blend_point_0/node = SubResource("AnimationNodeAnimation_lyok5")
blend_point_0/pos = Vector2(0, 1)
blend_point_1/node = SubResource("AnimationNodeAnimation_fxplg")
blend_point_1/pos = Vector2(-1, 0)
blend_point_2/node = SubResource("AnimationNodeAnimation_pu2h0")
blend_point_2/pos = Vector2(0, -1)
blend_point_3/node = SubResource("AnimationNodeAnimation_4uhln")
blend_point_3/pos = Vector2(1, 0)
blend_mode = 1

[sub_resource type="AnimationNodeAnimation" id="AnimationNodeAnimation_vfhli"]
animation = &"init"

[sub_resource type="AnimationNodeAnimation" id="AnimationNodeAnimation_7shxl"]
animation = &"jump.front"

[sub_resource type="AnimationNodeAnimation" id="AnimationNodeAnimation_eefn6"]
animation = &"out.back"

[sub_resource type="AnimationNodeAnimation" id="AnimationNodeAnimation_owyqf"]
animation = &"out.front"

[sub_resource type="AnimationNodeAnimation" id="AnimationNodeAnimation_ra20r"]
animation = &"out.right"

[sub_resource type="AnimationNodeAnimation" id="AnimationNodeAnimation_e8cbm"]
animation = &"out.left"

[sub_resource type="AnimationNodeBlendSpace2D" id="AnimationNodeBlendSpace2D_ec5jh"]
blend_point_0/node = SubResource("AnimationNodeAnimation_eefn6")
blend_point_0/pos = Vector2(0, 1)
blend_point_1/node = SubResource("AnimationNodeAnimation_owyqf")
blend_point_1/pos = Vector2(0, -1)
blend_point_2/node = SubResource("AnimationNodeAnimation_ra20r")
blend_point_2/pos = Vector2(-1, 0)
blend_point_3/node = SubResource("AnimationNodeAnimation_e8cbm")
blend_point_3/pos = Vector2(1, 0)
blend_mode = 1

[sub_resource type="AnimationNodeAnimation" id="AnimationNodeAnimation_tfn62"]
animation = &"run.front"

[sub_resource type="AnimationNodeAnimation" id="AnimationNodeAnimation_sufi8"]
animation = &"run.right"

[sub_resource type="AnimationNodeAnimation" id="AnimationNodeAnimation_ip27i"]
animation = &"run.back"

[sub_resource type="AnimationNodeAnimation" id="AnimationNodeAnimation_yf8yf"]
animation = &"run.left"

[sub_resource type="AnimationNodeBlendSpace2D" id="AnimationNodeBlendSpace2D_66mf5"]
blend_point_0/node = SubResource("AnimationNodeAnimation_tfn62")
blend_point_0/pos = Vector2(0, 1.1)
blend_point_1/node = SubResource("AnimationNodeAnimation_sufi8")
blend_point_1/pos = Vector2(1, 0)
blend_point_2/node = SubResource("AnimationNodeAnimation_ip27i")
blend_point_2/pos = Vector2(0, -1.1)
blend_point_3/node = SubResource("AnimationNodeAnimation_yf8yf")
blend_point_3/pos = Vector2(-1, 0)
min_space = Vector2(-1, -1.1)
max_space = Vector2(1, 1.1)
blend_mode = 1

[sub_resource type="AnimationNodeStateMachineTransition" id="AnimationNodeStateMachineTransition_dh2n5"]

[sub_resource type="AnimationNodeStateMachineTransition" id="AnimationNodeStateMachineTransition_hu6uo"]

[sub_resource type="AnimationNodeStateMachineTransition" id="AnimationNodeStateMachineTransition_xwcp8"]

[sub_resource type="AnimationNodeStateMachineTransition" id="AnimationNodeStateMachineTransition_t5bcd"]

[sub_resource type="AnimationNodeStateMachineTransition" id="AnimationNodeStateMachineTransition_pwl4j"]
switch_mode = 2
advance_mode = 2

[sub_resource type="AnimationNodeStateMachineTransition" id="AnimationNodeStateMachineTransition_dmpus"]
switch_mode = 2

[sub_resource type="AnimationNodeStateMachineTransition" id="AnimationNodeStateMachineTransition_c8fhe"]
switch_mode = 2
advance_mode = 2

[sub_resource type="AnimationNodeStateMachineTransition" id="AnimationNodeStateMachineTransition_suysh"]
switch_mode = 2
advance_mode = 2

[sub_resource type="AnimationNodeStateMachineTransition" id="AnimationNodeStateMachineTransition_ubi61"]
switch_mode = 2
advance_mode = 2

[sub_resource type="AnimationNodeStateMachineTransition" id="AnimationNodeStateMachineTransition_bpntq"]

[sub_resource type="AnimationNodeStateMachineTransition" id="AnimationNodeStateMachineTransition_e4b00"]
advance_mode = 2

[sub_resource type="AnimationNodeStateMachineTransition" id="AnimationNodeStateMachineTransition_uwdxq"]
advance_mode = 2

[sub_resource type="AnimationNodeStateMachineTransition" id="AnimationNodeStateMachineTransition_3i1ri"]

[sub_resource type="AnimationNodeStateMachineTransition" id="AnimationNodeStateMachineTransition_7em0y"]

[sub_resource type="AnimationNodeStateMachineTransition" id="AnimationNodeStateMachineTransition_8wijl"]
switch_mode = 2

[sub_resource type="AnimationNodeStateMachineTransition" id="AnimationNodeStateMachineTransition_po3xd"]
switch_mode = 2

[sub_resource type="AnimationNodeStateMachineTransition" id="AnimationNodeStateMachineTransition_ks2nk"]

[sub_resource type="AnimationNodeStateMachineTransition" id="AnimationNodeStateMachineTransition_3vgxx"]

[sub_resource type="AnimationNodeStateMachineTransition" id="AnimationNodeStateMachineTransition_k2gby"]

[sub_resource type="AnimationNodeStateMachineTransition" id="AnimationNodeStateMachineTransition_j0j7h"]

[sub_resource type="AnimationNodeStateMachineTransition" id="AnimationNodeStateMachineTransition_vjg8i"]

[sub_resource type="AnimationNodeStateMachineTransition" id="AnimationNodeStateMachineTransition_56sb8"]
switch_mode = 2
advance_mode = 2

[sub_resource type="AnimationNodeStateMachineTransition" id="AnimationNodeStateMachineTransition_cvffb"]

[sub_resource type="AnimationNodeStateMachine" id="AnimationNodeStateMachine_rqxqr"]
states/Start/position = Vector2(-238.412, 91.7707)
states/default/node = SubResource("AnimationNodeAnimation_vf6fx")
states/default/position = Vector2(77.968, 206)
states/die/node = SubResource("AnimationNodeAnimation_4v1nj")
states/die/position = Vector2(183.588, -11.37)
states/fall/node = SubResource("AnimationNodeAnimation_1qdnb")
states/fall/position = Vector2(-84.412, 206)
states/frozen/node = SubResource("AnimationNodeAnimation_g7fue")
states/frozen/position = Vector2(297.968, 92.6171)
states/hit/node = SubResource("AnimationNodeBlendSpace2D_launr")
states/hit/position = Vector2(292, 322.63)
states/idle/node = SubResource("AnimationNodeBlendSpace2D_mjgt8")
states/idle/position = Vector2(207.358, 206)
states/in/node = SubResource("AnimationNodeBlendSpace2D_0mo7j")
states/in/position = Vector2(77.968, 91.7707)
states/init/node = SubResource("AnimationNodeAnimation_vfhli")
states/init/position = Vector2(-84.412, 91.7707)
states/jump/node = SubResource("AnimationNodeAnimation_7shxl")
states/jump/position = Vector2(190.968, -55.4938)
states/out/node = SubResource("AnimationNodeBlendSpace2D_ec5jh")
states/out/position = Vector2(197.358, -98.771)
states/run/node = SubResource("AnimationNodeBlendSpace2D_66mf5")
states/run/position = Vector2(377.667, 206)
transitions = ["idle", "run", SubResource("AnimationNodeStateMachineTransition_dh2n5"), "idle", "hit", SubResource("AnimationNodeStateMachineTransition_hu6uo"), "run", "hit", SubResource("AnimationNodeStateMachineTransition_xwcp8"), "run", "idle", SubResource("AnimationNodeStateMachineTransition_t5bcd"), "hit", "idle", SubResource("AnimationNodeStateMachineTransition_pwl4j"), "hit", "run", SubResource("AnimationNodeStateMachineTransition_dmpus"), "default", "idle", SubResource("AnimationNodeStateMachineTransition_c8fhe"), "in", "default", SubResource("AnimationNodeStateMachineTransition_suysh"), "fall", "default", SubResource("AnimationNodeStateMachineTransition_ubi61"), "idle", "out", SubResource("AnimationNodeStateMachineTransition_bpntq"), "Start", "init", SubResource("AnimationNodeStateMachineTransition_e4b00"), "init", "default", SubResource("AnimationNodeStateMachineTransition_uwdxq"), "init", "in", SubResource("AnimationNodeStateMachineTransition_3i1ri"), "init", "fall", SubResource("AnimationNodeStateMachineTransition_7em0y"), "out", "init", SubResource("AnimationNodeStateMachineTransition_8wijl"), "die", "init", SubResource("AnimationNodeStateMachineTransition_po3xd"), "idle", "die", SubResource("AnimationNodeStateMachineTransition_ks2nk"), "idle", "jump", SubResource("AnimationNodeStateMachineTransition_3vgxx"), "jump", "init", SubResource("AnimationNodeStateMachineTransition_k2gby"), "idle", "frozen", SubResource("AnimationNodeStateMachineTransition_j0j7h"), "run", "frozen", SubResource("AnimationNodeStateMachineTransition_vjg8i"), "frozen", "idle", SubResource("AnimationNodeStateMachineTransition_56sb8"), "frozen", "hit", SubResource("AnimationNodeStateMachineTransition_cvffb")]
graph_offset = Vector2(-420.032, 76.9647)

[sub_resource type="AnimationNodeStateMachinePlayback" id="AnimationNodeStateMachinePlayback_feyjn"]

[sub_resource type="CapsuleShape2D" id="CapsuleShape2D_yteuc"]
radius = 6.0
height = 22.0

[sub_resource type="CapsuleShape2D" id="CapsuleShape2D_qjen0"]
radius = 2.0
height = 8.0

[node name="pingmy" type="CharacterBody2D"]
visible = false
z_index = 5
collision_mask = 13
script = ExtResource("1_yug2c")

[node name="stars" type="CPUParticles2D" parent="."]
emitting = false
amount = 4
lifetime = 0.3
one_shot = true
explosiveness = 0.93
texture = SubResource("AtlasTexture_25g3p")
spread = 180.0
gravity = Vector2(0, 0)
initial_velocity_min = 100.0
initial_velocity_max = 120.0

[node name="content" type="Node2D" parent="."]

[node name="sprite" type="Node2D" parent="content"]
position = Vector2(0, -14)

[node name="shadow" type="Sprite2D" parent="content/sprite"]
visible = false
position = Vector2(0, 15)
texture = ExtResource("2_71hdn")
hframes = 16
vframes = 16
frame = 63

[node name="fx_smoke" parent="content/sprite" instance=ExtResource("3_4ul0b")]
visible = false
position = Vector2(-4, 5)
type = "smoke"
index = 1
onetime = false

[node name="fx_fire" parent="content/sprite" instance=ExtResource("3_4ul0b")]
modulate = Color(1, 1, 0.305882, 1)
position = Vector2(0, 10)
type = "fire"
onetime = false

[node name="body" type="Sprite2D" parent="content/sprite"]
texture = ExtResource("2_71hdn")
hframes = 16
vframes = 16
frame = 16

[node name="beak" type="Node2D" parent="content/sprite"]

[node name="beak" type="Sprite2D" parent="content/sprite/beak"]
texture = ExtResource("2_71hdn")
hframes = 16
vframes = 16
frame = 31

[node name="origin" type="Marker2D" parent="content/sprite/beak"]
position = Vector2(0, 5)

[node name="fx_hit" parent="content/sprite" instance=ExtResource("3_4ul0b")]
visible = false
position = Vector2(-4, -2)
type = "hit"
index = 2
onetime = false

[node name="animation" type="Node" parent="."]

[node name="def" type="AnimationPlayer" parent="animation"]
root_node = NodePath("../..")
libraries = {
"": SubResource("AnimationLibrary_3hppt")
}

[node name="tree" type="AnimationTree" parent="animation"]
tree_root = SubResource("AnimationNodeStateMachine_rqxqr")
anim_player = NodePath("../def")
active = true
parameters/playback = SubResource("AnimationNodeStateMachinePlayback_feyjn")
parameters/hit/blend_position = Vector2(0, 0)
parameters/idle/blend_position = Vector2(-0.00164473, 0.23211)
parameters/in/blend_position = Vector2(0.695724, -0.0192307)
parameters/out/blend_position = Vector2(0, 0)
parameters/run/blend_position = Vector2(0.137589, 0.0438651)

[node name="fire" type="Timer" parent="animation"]
one_shot = true

[node name="collision_shape" type="CollisionShape2D" parent="."]
rotation = 1.5708
shape = SubResource("CapsuleShape2D_yteuc")

[node name="hitbox" type="Area2D" parent="."]
collision_layer = 256
collision_mask = 983040

[node name="hitbox_shape" type="CollisionShape2D" parent="hitbox"]
rotation = 1.5708
shape = SubResource("CapsuleShape2D_qjen0")
debug_color = Color(1, 1, 0, 0.419608)

[connection signal="on_finished" from="content/sprite/fx_fire" to="." method="_on_fx_fire_on_finished"]
[connection signal="timeout" from="animation/fire" to="." method="_on_fire_timeout"]
