[gd_scene load_steps=27 format=3 uid="uid://6no1s2tu0kys"]

[ext_resource type="Script" path="res://src/script/mosquito.gd" id="1_3fulf"]
[ext_resource type="Texture2D" uid="uid://clk0hjywly34q" path="res://res/img/generic/foe/foes_32.png" id="1_wt4va"]
[ext_resource type="PackedScene" uid="uid://dt7n1gb13jftw" path="res://src/scene/fx.tscn" id="3_sgetl"]

[sub_resource type="Animation" id="Animation_q3fxs"]
length = 0.001
tracks/0/type = "value"
tracks/0/imported = false
tracks/0/enabled = true
tracks/0/path = NodePath("../sprite/body:frame")
tracks/0/interp = 1
tracks/0/loop_wrap = true
tracks/0/keys = {
"times": PackedFloat32Array(0),
"transitions": PackedFloat32Array(1),
"update": 1,
"values": [0]
}
tracks/1/type = "value"
tracks/1/imported = false
tracks/1/enabled = true
tracks/1/path = NodePath("../sprite/body:position")
tracks/1/interp = 1
tracks/1/loop_wrap = true
tracks/1/keys = {
"times": PackedFloat32Array(0),
"transitions": PackedFloat32Array(1),
"update": 0,
"values": [Vector2(0, -12)]
}
tracks/2/type = "value"
tracks/2/imported = false
tracks/2/enabled = true
tracks/2/path = NodePath("../sprite/body:flip_h")
tracks/2/interp = 1
tracks/2/loop_wrap = true
tracks/2/keys = {
"times": PackedFloat32Array(0),
"transitions": PackedFloat32Array(1),
"update": 1,
"values": [false]
}
tracks/3/type = "value"
tracks/3/imported = false
tracks/3/enabled = true
tracks/3/path = NodePath("../sprite/body:visible")
tracks/3/interp = 1
tracks/3/loop_wrap = true
tracks/3/keys = {
"times": PackedFloat32Array(0),
"transitions": PackedFloat32Array(1),
"update": 1,
"values": [false]
}
tracks/4/type = "value"
tracks/4/imported = false
tracks/4/enabled = true
tracks/4/path = NodePath("../hitbox/hitbox_shape:disabled")
tracks/4/interp = 1
tracks/4/loop_wrap = true
tracks/4/keys = {
"times": PackedFloat32Array(0),
"transitions": PackedFloat32Array(1),
"update": 1,
"values": [true]
}
tracks/5/type = "value"
tracks/5/imported = false
tracks/5/enabled = true
tracks/5/path = NodePath("../collision_shape:disabled")
tracks/5/interp = 1
tracks/5/loop_wrap = true
tracks/5/keys = {
"times": PackedFloat32Array(0),
"transitions": PackedFloat32Array(1),
"update": 1,
"values": [true]
}
tracks/6/type = "value"
tracks/6/imported = false
tracks/6/enabled = true
tracks/6/path = NodePath("../hit/hit_shape:disabled")
tracks/6/interp = 1
tracks/6/loop_wrap = true
tracks/6/keys = {
"times": PackedFloat32Array(0),
"transitions": PackedFloat32Array(1),
"update": 1,
"values": [false]
}
tracks/7/type = "value"
tracks/7/imported = false
tracks/7/enabled = true
tracks/7/path = NodePath("../sprite/shadow:visible")
tracks/7/interp = 1
tracks/7/loop_wrap = true
tracks/7/keys = {
"times": PackedFloat32Array(0),
"transitions": PackedFloat32Array(1),
"update": 1,
"values": [true]
}

[sub_resource type="Animation" id="Animation_12m34"]
resource_name = "die.left"
step = 0.05
tracks/0/type = "value"
tracks/0/imported = false
tracks/0/enabled = true
tracks/0/path = NodePath("../sprite/body:frame")
tracks/0/interp = 1
tracks/0/loop_wrap = true
tracks/0/keys = {
"times": PackedFloat32Array(0, 0.05, 0.1, 0.15, 0.2, 0.4, 0.45, 0.5, 0.55, 0.6, 0.65),
"transitions": PackedFloat32Array(1, 1, 1, 1, 1, 1, 1, 1, 1, 1, 1),
"update": 1,
"values": [4, 5, 6, 7, 8, 9, 10, 11, 12, 13, 14]
}
tracks/1/type = "value"
tracks/1/imported = false
tracks/1/enabled = true
tracks/1/path = NodePath("../sprite/body:visible")
tracks/1/interp = 1
tracks/1/loop_wrap = true
tracks/1/keys = {
"times": PackedFloat32Array(0, 0.75),
"transitions": PackedFloat32Array(1, 1),
"update": 1,
"values": [true, false]
}
tracks/2/type = "value"
tracks/2/imported = false
tracks/2/enabled = true
tracks/2/path = NodePath("../sprite/body:flip_h")
tracks/2/interp = 1
tracks/2/loop_wrap = true
tracks/2/keys = {
"times": PackedFloat32Array(0),
"transitions": PackedFloat32Array(1),
"update": 1,
"values": [false]
}
tracks/3/type = "value"
tracks/3/imported = false
tracks/3/enabled = true
tracks/3/path = NodePath("../hitbox/hitbox_shape:disabled")
tracks/3/interp = 1
tracks/3/loop_wrap = true
tracks/3/keys = {
"times": PackedFloat32Array(0),
"transitions": PackedFloat32Array(1),
"update": 1,
"values": [true]
}
tracks/4/type = "value"
tracks/4/imported = false
tracks/4/enabled = true
tracks/4/path = NodePath("../collision_shape:disabled")
tracks/4/interp = 1
tracks/4/loop_wrap = true
tracks/4/keys = {
"times": PackedFloat32Array(0),
"transitions": PackedFloat32Array(1),
"update": 1,
"values": [true]
}
tracks/5/type = "method"
tracks/5/imported = false
tracks/5/enabled = true
tracks/5/path = NodePath("..")
tracks/5/interp = 1
tracks/5/loop_wrap = true
tracks/5/keys = {
"times": PackedFloat32Array(0.8),
"transitions": PackedFloat32Array(1),
"values": [{
"args": [],
"method": &"on_end"
}]
}
tracks/6/type = "value"
tracks/6/imported = false
tracks/6/enabled = true
tracks/6/path = NodePath("../hit/hit_shape:disabled")
tracks/6/interp = 1
tracks/6/loop_wrap = true
tracks/6/keys = {
"times": PackedFloat32Array(0),
"transitions": PackedFloat32Array(1),
"update": 1,
"values": [true]
}
tracks/7/type = "value"
tracks/7/imported = false
tracks/7/enabled = true
tracks/7/path = NodePath("../sprite/shadow:visible")
tracks/7/interp = 1
tracks/7/loop_wrap = true
tracks/7/keys = {
"times": PackedFloat32Array(0),
"transitions": PackedFloat32Array(1),
"update": 1,
"values": [false]
}

[sub_resource type="Animation" id="Animation_48cea"]
resource_name = "die.right"
step = 0.05
tracks/0/type = "value"
tracks/0/imported = false
tracks/0/enabled = true
tracks/0/path = NodePath("../sprite/body:frame")
tracks/0/interp = 1
tracks/0/loop_wrap = true
tracks/0/keys = {
"times": PackedFloat32Array(0, 0.05, 0.1, 0.15, 0.2, 0.4, 0.45, 0.5, 0.55, 0.6, 0.65),
"transitions": PackedFloat32Array(1, 1, 1, 1, 1, 1, 1, 1, 1, 1, 1),
"update": 1,
"values": [4, 5, 6, 7, 8, 9, 10, 11, 12, 13, 14]
}
tracks/1/type = "value"
tracks/1/imported = false
tracks/1/enabled = true
tracks/1/path = NodePath("../sprite/body:visible")
tracks/1/interp = 1
tracks/1/loop_wrap = true
tracks/1/keys = {
"times": PackedFloat32Array(0, 0.75),
"transitions": PackedFloat32Array(1, 1),
"update": 1,
"values": [true, false]
}
tracks/2/type = "value"
tracks/2/imported = false
tracks/2/enabled = true
tracks/2/path = NodePath("../sprite/body:flip_h")
tracks/2/interp = 1
tracks/2/loop_wrap = true
tracks/2/keys = {
"times": PackedFloat32Array(0),
"transitions": PackedFloat32Array(1),
"update": 1,
"values": [true]
}
tracks/3/type = "value"
tracks/3/imported = false
tracks/3/enabled = true
tracks/3/path = NodePath("../hitbox/hitbox_shape:disabled")
tracks/3/interp = 1
tracks/3/loop_wrap = true
tracks/3/keys = {
"times": PackedFloat32Array(0),
"transitions": PackedFloat32Array(1),
"update": 1,
"values": [true]
}
tracks/4/type = "value"
tracks/4/imported = false
tracks/4/enabled = true
tracks/4/path = NodePath("../collision_shape:disabled")
tracks/4/interp = 1
tracks/4/loop_wrap = true
tracks/4/keys = {
"times": PackedFloat32Array(0),
"transitions": PackedFloat32Array(1),
"update": 1,
"values": [true]
}
tracks/5/type = "method"
tracks/5/imported = false
tracks/5/enabled = true
tracks/5/path = NodePath("..")
tracks/5/interp = 1
tracks/5/loop_wrap = true
tracks/5/keys = {
"times": PackedFloat32Array(0.8),
"transitions": PackedFloat32Array(1),
"values": [{
"args": [],
"method": &"on_end"
}]
}
tracks/6/type = "value"
tracks/6/imported = false
tracks/6/enabled = true
tracks/6/path = NodePath("../hit/hit_shape:disabled")
tracks/6/interp = 1
tracks/6/loop_wrap = true
tracks/6/keys = {
"times": PackedFloat32Array(0),
"transitions": PackedFloat32Array(1),
"update": 1,
"values": [true]
}
tracks/7/type = "value"
tracks/7/imported = false
tracks/7/enabled = true
tracks/7/path = NodePath("../sprite/shadow:visible")
tracks/7/interp = 1
tracks/7/loop_wrap = true
tracks/7/keys = {
"times": PackedFloat32Array(0),
"transitions": PackedFloat32Array(1),
"update": 1,
"values": [false]
}

[sub_resource type="Animation" id="Animation_3autp"]
resource_name = "hit"
length = 0.2
step = 0.05
tracks/0/type = "value"
tracks/0/imported = false
tracks/0/enabled = true
tracks/0/path = NodePath("../sprite/body:frame")
tracks/0/interp = 1
tracks/0/loop_wrap = true
tracks/0/keys = {
"times": PackedFloat32Array(0),
"transitions": PackedFloat32Array(1),
"update": 1,
"values": [4]
}
tracks/1/type = "method"
tracks/1/imported = false
tracks/1/enabled = true
tracks/1/path = NodePath("..")
tracks/1/interp = 1
tracks/1/loop_wrap = true
tracks/1/keys = {
"times": PackedFloat32Array(0.15),
"transitions": PackedFloat32Array(1),
"values": [{
"args": [],
"method": &"hit_end"
}]
}
tracks/2/type = "method"
tracks/2/imported = false
tracks/2/enabled = true
tracks/2/path = NodePath("../sprite/fx_hit")
tracks/2/interp = 1
tracks/2/loop_wrap = true
tracks/2/keys = {
"times": PackedFloat32Array(0),
"transitions": PackedFloat32Array(1),
"values": [{
"args": [],
"method": &"start"
}]
}

[sub_resource type="Animation" id="Animation_8nl6b"]
resource_name = "idle.left"
length = 0.9
loop_mode = 1
step = 0.15
tracks/0/type = "value"
tracks/0/imported = false
tracks/0/enabled = true
tracks/0/path = NodePath("../sprite/body:frame")
tracks/0/interp = 1
tracks/0/loop_wrap = true
tracks/0/keys = {
"times": PackedFloat32Array(0, 0.15, 0.3, 0.45, 0.6, 0.75, 0.9),
"transitions": PackedFloat32Array(1, 1, 1, 1, 1, 1, 1),
"update": 1,
"values": [0, 1, 2, 3, 2, 1, 0]
}
tracks/1/type = "value"
tracks/1/imported = false
tracks/1/enabled = true
tracks/1/path = NodePath("../sprite/body:position")
tracks/1/interp = 1
tracks/1/loop_wrap = true
tracks/1/keys = {
"times": PackedFloat32Array(0, 0.15, 0.3, 0.45, 0.6, 0.75, 0.9),
"transitions": PackedFloat32Array(1, 1, 1, 1, 1, 1, 1),
"update": 0,
"values": [Vector2(0, -12), Vector2(0, -14), Vector2(0, -12), Vector2(0, -14), Vector2(0, -12), Vector2(0, -14), Vector2(0, -12)]
}
tracks/2/type = "value"
tracks/2/imported = false
tracks/2/enabled = true
tracks/2/path = NodePath("../sprite/body:flip_h")
tracks/2/interp = 1
tracks/2/loop_wrap = true
tracks/2/keys = {
"times": PackedFloat32Array(0),
"transitions": PackedFloat32Array(1),
"update": 1,
"values": [false]
}
tracks/3/type = "value"
tracks/3/imported = false
tracks/3/enabled = true
tracks/3/path = NodePath("../sprite/body:visible")
tracks/3/interp = 1
tracks/3/loop_wrap = true
tracks/3/keys = {
"times": PackedFloat32Array(0),
"transitions": PackedFloat32Array(1),
"update": 1,
"values": [true]
}
tracks/4/type = "value"
tracks/4/imported = false
tracks/4/enabled = true
tracks/4/path = NodePath("../hitbox/hitbox_shape:disabled")
tracks/4/interp = 1
tracks/4/loop_wrap = true
tracks/4/keys = {
"times": PackedFloat32Array(0),
"transitions": PackedFloat32Array(1),
"update": 1,
"values": [false]
}
tracks/5/type = "value"
tracks/5/imported = false
tracks/5/enabled = true
tracks/5/path = NodePath("../collision_shape:disabled")
tracks/5/interp = 1
tracks/5/loop_wrap = true
tracks/5/keys = {
"times": PackedFloat32Array(0),
"transitions": PackedFloat32Array(1),
"update": 1,
"values": [false]
}
tracks/6/type = "value"
tracks/6/imported = false
tracks/6/enabled = true
tracks/6/path = NodePath("../hit/hit_shape:disabled")
tracks/6/interp = 1
tracks/6/loop_wrap = true
tracks/6/keys = {
"times": PackedFloat32Array(0),
"transitions": PackedFloat32Array(1),
"update": 1,
"values": [false]
}
tracks/7/type = "value"
tracks/7/imported = false
tracks/7/enabled = true
tracks/7/path = NodePath("../sprite/shadow:visible")
tracks/7/interp = 1
tracks/7/loop_wrap = true
tracks/7/keys = {
"times": PackedFloat32Array(0),
"transitions": PackedFloat32Array(1),
"update": 1,
"values": [true]
}

[sub_resource type="Animation" id="Animation_go0p5"]
resource_name = "idle.right"
length = 0.9
loop_mode = 1
step = 0.15
tracks/0/type = "value"
tracks/0/imported = false
tracks/0/enabled = true
tracks/0/path = NodePath("../sprite/body:frame")
tracks/0/interp = 1
tracks/0/loop_wrap = true
tracks/0/keys = {
"times": PackedFloat32Array(0, 0.15, 0.3, 0.45, 0.6, 0.75, 0.9),
"transitions": PackedFloat32Array(1, 1, 1, 1, 1, 1, 1),
"update": 1,
"values": [0, 1, 2, 3, 2, 1, 0]
}
tracks/1/type = "value"
tracks/1/imported = false
tracks/1/enabled = true
tracks/1/path = NodePath("../sprite/body:position")
tracks/1/interp = 1
tracks/1/loop_wrap = true
tracks/1/keys = {
"times": PackedFloat32Array(0, 0.15, 0.3, 0.45, 0.6, 0.75, 0.9),
"transitions": PackedFloat32Array(1, 1, 1, 1, 1, 1, 1),
"update": 0,
"values": [Vector2(0, -12), Vector2(0, -14), Vector2(0, -12), Vector2(0, -14), Vector2(0, -12), Vector2(0, -14), Vector2(0, -12)]
}
tracks/2/type = "value"
tracks/2/imported = false
tracks/2/enabled = true
tracks/2/path = NodePath("../sprite/body:flip_h")
tracks/2/interp = 1
tracks/2/loop_wrap = true
tracks/2/keys = {
"times": PackedFloat32Array(0),
"transitions": PackedFloat32Array(1),
"update": 1,
"values": [true]
}
tracks/3/type = "value"
tracks/3/imported = false
tracks/3/enabled = true
tracks/3/path = NodePath("../sprite/body:visible")
tracks/3/interp = 1
tracks/3/loop_wrap = true
tracks/3/keys = {
"times": PackedFloat32Array(0),
"transitions": PackedFloat32Array(1),
"update": 1,
"values": [true]
}
tracks/4/type = "value"
tracks/4/imported = false
tracks/4/enabled = true
tracks/4/path = NodePath("../hitbox/hitbox_shape:disabled")
tracks/4/interp = 1
tracks/4/loop_wrap = true
tracks/4/keys = {
"times": PackedFloat32Array(0),
"transitions": PackedFloat32Array(1),
"update": 1,
"values": [false]
}
tracks/5/type = "value"
tracks/5/imported = false
tracks/5/enabled = true
tracks/5/path = NodePath("../collision_shape:disabled")
tracks/5/interp = 1
tracks/5/loop_wrap = true
tracks/5/keys = {
"times": PackedFloat32Array(0),
"transitions": PackedFloat32Array(1),
"update": 1,
"values": [false]
}
tracks/6/type = "value"
tracks/6/imported = false
tracks/6/enabled = true
tracks/6/path = NodePath("../hit/hit_shape:disabled")
tracks/6/interp = 1
tracks/6/loop_wrap = true
tracks/6/keys = {
"times": PackedFloat32Array(0),
"transitions": PackedFloat32Array(1),
"update": 1,
"values": [false]
}
tracks/7/type = "value"
tracks/7/imported = false
tracks/7/enabled = true
tracks/7/path = NodePath("../sprite/shadow:visible")
tracks/7/interp = 1
tracks/7/loop_wrap = true
tracks/7/keys = {
"times": PackedFloat32Array(0),
"transitions": PackedFloat32Array(1),
"update": 1,
"values": [true]
}

[sub_resource type="AnimationLibrary" id="AnimationLibrary_cipfv"]
_data = {
"RESET": SubResource("Animation_q3fxs"),
"die.left": SubResource("Animation_12m34"),
"die.right": SubResource("Animation_48cea"),
"hit": SubResource("Animation_3autp"),
"idle.left": SubResource("Animation_8nl6b"),
"idle.right": SubResource("Animation_go0p5")
}

[sub_resource type="AnimationNodeAnimation" id="AnimationNodeAnimation_y4lp0"]
animation = &"die.left"

[sub_resource type="AnimationNodeAnimation" id="AnimationNodeAnimation_7rveg"]
animation = &"die.right"

[sub_resource type="AnimationNodeBlendSpace1D" id="AnimationNodeBlendSpace1D_hbq5e"]
blend_point_0/node = SubResource("AnimationNodeAnimation_y4lp0")
blend_point_0/pos = -1.0
blend_point_1/node = SubResource("AnimationNodeAnimation_7rveg")
blend_point_1/pos = 1.0
blend_mode = 1

[sub_resource type="AnimationNodeAnimation" id="AnimationNodeAnimation_jmeku"]
animation = &"hit"

[sub_resource type="AnimationNodeAnimation" id="AnimationNodeAnimation_55qpi"]
animation = &"idle.left"

[sub_resource type="AnimationNodeAnimation" id="AnimationNodeAnimation_hdnoh"]
animation = &"idle.right"

[sub_resource type="AnimationNodeBlendSpace1D" id="AnimationNodeBlendSpace1D_nvkvb"]
blend_point_0/node = SubResource("AnimationNodeAnimation_55qpi")
blend_point_0/pos = -1.0
blend_point_1/node = SubResource("AnimationNodeAnimation_hdnoh")
blend_point_1/pos = 1.0
blend_mode = 1

[sub_resource type="AnimationNodeStateMachineTransition" id="AnimationNodeStateMachineTransition_a2cjl"]
advance_mode = 2

[sub_resource type="AnimationNodeStateMachineTransition" id="AnimationNodeStateMachineTransition_a5vpn"]

[sub_resource type="AnimationNodeStateMachineTransition" id="AnimationNodeStateMachineTransition_igvjj"]
switch_mode = 2
advance_mode = 2

[sub_resource type="AnimationNodeStateMachineTransition" id="AnimationNodeStateMachineTransition_oor5m"]

[sub_resource type="AnimationNodeStateMachine" id="AnimationNodeStateMachine_l7w4m"]
states/End/position = Vector2(648, 85)
states/Start/position = Vector2(122, 85)
states/die/node = SubResource("AnimationNodeBlendSpace1D_hbq5e")
states/die/position = Vector2(492, 85)
states/hit/node = SubResource("AnimationNodeAnimation_jmeku")
states/hit/position = Vector2(321, 171)
states/idle/node = SubResource("AnimationNodeBlendSpace1D_nvkvb")
states/idle/position = Vector2(324, 85)
transitions = ["Start", "idle", SubResource("AnimationNodeStateMachineTransition_a2cjl"), "idle", "hit", SubResource("AnimationNodeStateMachineTransition_a5vpn"), "hit", "idle", SubResource("AnimationNodeStateMachineTransition_igvjj"), "idle", "die", SubResource("AnimationNodeStateMachineTransition_oor5m")]

[sub_resource type="AnimationNodeStateMachinePlayback" id="AnimationNodeStateMachinePlayback_axpxv"]

[sub_resource type="CapsuleShape2D" id="CapsuleShape2D_1b4lc"]
radius = 3.0
height = 10.0

[sub_resource type="CapsuleShape2D" id="CapsuleShape2D_lo4d7"]
radius = 3.0
height = 10.0

[sub_resource type="CapsuleShape2D" id="CapsuleShape2D_fits5"]
radius = 3.0
height = 10.0

[node name="mosquito" type="CharacterBody2D" groups=["ENEMY"]]
z_index = 5
collision_layer = 32
collision_mask = 38
script = ExtResource("1_3fulf")

[node name="sprite" type="Node2D" parent="."]

[node name="shadow" type="Sprite2D" parent="sprite"]
position = Vector2(0, -13)
texture = ExtResource("1_wt4va")
flip_h = true
hframes = 16
vframes = 16
frame = 223

[node name="body" type="Sprite2D" parent="sprite"]
visible = false
z_index = 1
position = Vector2(0, -12)
texture = ExtResource("1_wt4va")
hframes = 16
vframes = 16

[node name="fx_hit" parent="sprite" instance=ExtResource("3_sgetl")]
visible = false
z_index = 1
position = Vector2(0, -10)
type = "hit"
index = 2
onetime = false

[node name="animation" type="Node" parent="."]

[node name="def" type="AnimationPlayer" parent="animation"]
libraries = {
"": SubResource("AnimationLibrary_cipfv")
}

[node name="tree" type="AnimationTree" parent="animation"]
tree_root = SubResource("AnimationNodeStateMachine_l7w4m")
anim_player = NodePath("../def")
active = true
parameters/playback = SubResource("AnimationNodeStateMachinePlayback_axpxv")
parameters/die/blend_position = -0.993907
parameters/idle/blend_position = 0.173959

[node name="collision_shape" type="CollisionShape2D" parent="."]
rotation = 1.5708
shape = SubResource("CapsuleShape2D_1b4lc")
disabled = true

[node name="hitbox" type="Area2D" parent="."]
collision_layer = 8192
collision_mask = 458752

[node name="hitbox_shape" type="CollisionShape2D" parent="hitbox"]
rotation = 1.5708
shape = SubResource("CapsuleShape2D_lo4d7")
disabled = true
debug_color = Color(1, 1, 0, 0.419608)

[node name="hit" type="Area2D" parent="."]
collision_layer = 262144
collision_mask = 256

[node name="hit_shape" type="CollisionShape2D" parent="hit"]
rotation = 1.5708
shape = SubResource("CapsuleShape2D_fits5")
debug_color = Color(1, 0, 0, 0.419608)

[connection signal="area_entered" from="hit" to="." method="_on_hit_area_entered"]
