[gd_scene load_steps=25 format=3 uid="uid://tborsvincoy4"]

[ext_resource type="Texture2D" uid="uid://clk0hjywly34q" path="res://res/img/generic/foe/foes_32.png" id="1_7qpnw"]
[ext_resource type="Script" path="res://src/script/oil.gd" id="1_ue5i2"]
[ext_resource type="PackedScene" uid="uid://dt7n1gb13jftw" path="res://src/scene/fx.tscn" id="2_d7t47"]

[sub_resource type="Animation" id="Animation_0hg2t"]
length = 0.001
tracks/0/type = "value"
tracks/0/imported = false
tracks/0/enabled = true
tracks/0/path = NodePath("../sprite/body:frame_coords")
tracks/0/interp = 1
tracks/0/loop_wrap = true
tracks/0/keys = {
"times": PackedFloat32Array(0),
"transitions": PackedFloat32Array(1),
"update": 1,
"values": [Vector2i(0, 1)]
}
tracks/1/type = "value"
tracks/1/imported = false
tracks/1/enabled = true
tracks/1/path = NodePath("../sprite/body:frame")
tracks/1/interp = 1
tracks/1/loop_wrap = true
tracks/1/keys = {
"times": PackedFloat32Array(0),
"transitions": PackedFloat32Array(1),
"update": 1,
"values": [16]
}
tracks/2/type = "value"
tracks/2/imported = false
tracks/2/enabled = true
tracks/2/path = NodePath("../sprite/body:visible")
tracks/2/interp = 1
tracks/2/loop_wrap = true
tracks/2/keys = {
"times": PackedFloat32Array(0),
"transitions": PackedFloat32Array(1),
"update": 1,
"values": [true]
}
tracks/3/type = "value"
tracks/3/imported = false
tracks/3/enabled = true
tracks/3/path = NodePath("../sprite/body:flip_h")
tracks/3/interp = 1
tracks/3/loop_wrap = true
tracks/3/keys = {
"times": PackedFloat32Array(0),
"transitions": PackedFloat32Array(1),
"update": 1,
"values": [false]
}
tracks/4/type = "value"
tracks/4/imported = false
tracks/4/enabled = true
tracks/4/path = NodePath("../collision_shape:disabled")
tracks/4/interp = 1
tracks/4/loop_wrap = true
tracks/4/keys = {
"times": PackedFloat32Array(0),
"transitions": PackedFloat32Array(1),
"update": 1,
"values": [false]
}
tracks/5/type = "value"
tracks/5/imported = false
tracks/5/enabled = true
tracks/5/path = NodePath("../sprite/smoke:visible")
tracks/5/interp = 1
tracks/5/loop_wrap = true
tracks/5/keys = {
"times": PackedFloat32Array(0),
"transitions": PackedFloat32Array(1),
"update": 1,
"values": [false]
}
tracks/6/type = "value"
tracks/6/imported = false
tracks/6/enabled = true
tracks/6/path = NodePath("../hitbox/hitbox_shape:disabled")
tracks/6/interp = 1
tracks/6/loop_wrap = true
tracks/6/keys = {
"times": PackedFloat32Array(0),
"transitions": PackedFloat32Array(1),
"update": 1,
"values": [false]
}
tracks/7/type = "value"
tracks/7/imported = false
tracks/7/enabled = true
tracks/7/path = NodePath("../hit/hit_shape:disabled")
tracks/7/interp = 1
tracks/7/loop_wrap = true
tracks/7/keys = {
"times": PackedFloat32Array(0),
"transitions": PackedFloat32Array(1),
"update": 1,
"values": [false]
}

[sub_resource type="Animation" id="Animation_7r1t7"]
resource_name = "die.left"
step = 0.05
tracks/0/type = "value"
tracks/0/imported = false
tracks/0/enabled = true
tracks/0/path = NodePath("../sprite/body:frame")
tracks/0/interp = 1
tracks/0/loop_wrap = true
tracks/0/keys = {
"times": PackedFloat32Array(0, 0.05, 0.1, 0.15, 0.2, 0.25, 0.3, 0.35, 0.4, 0.45, 0.5, 0.55, 0.6, 0.65, 0.7, 0.75, 0.8, 0.85),
"transitions": PackedFloat32Array(1, 1, 1, 1, 1, 1, 1, 1, 1, 1, 1, 1, 1, 1, 1, 1, 1, 1),
"update": 1,
"values": [16, 17, 32, 33, 34, 35, 36, 37, 38, 39, 40, 41, 42, 43, 44, 45, 46, 47]
}
tracks/1/type = "value"
tracks/1/imported = false
tracks/1/enabled = true
tracks/1/path = NodePath("../sprite/body:visible")
tracks/1/interp = 1
tracks/1/loop_wrap = true
tracks/1/keys = {
"times": PackedFloat32Array(0, 0.9),
"transitions": PackedFloat32Array(1, 1),
"update": 1,
"values": [true, false]
}
tracks/2/type = "value"
tracks/2/imported = false
tracks/2/enabled = true
tracks/2/path = NodePath("../sprite/body:flip_h")
tracks/2/interp = 1
tracks/2/loop_wrap = true
tracks/2/keys = {
"times": PackedFloat32Array(0),
"transitions": PackedFloat32Array(1),
"update": 1,
"values": [false]
}
tracks/3/type = "value"
tracks/3/imported = false
tracks/3/enabled = true
tracks/3/path = NodePath("../collision_shape:disabled")
tracks/3/interp = 1
tracks/3/loop_wrap = true
tracks/3/keys = {
"times": PackedFloat32Array(0),
"transitions": PackedFloat32Array(1),
"update": 1,
"values": [true]
}
tracks/4/type = "method"
tracks/4/imported = false
tracks/4/enabled = true
tracks/4/path = NodePath("../sprite/fx_smoke")
tracks/4/interp = 1
tracks/4/loop_wrap = true
tracks/4/keys = {
"times": PackedFloat32Array(0.05),
"transitions": PackedFloat32Array(1),
"values": [{
"args": [],
"method": &"start"
}]
}
tracks/5/type = "method"
tracks/5/imported = false
tracks/5/enabled = true
tracks/5/path = NodePath("..")
tracks/5/interp = 1
tracks/5/loop_wrap = true
tracks/5/keys = {
"times": PackedFloat32Array(0.9),
"transitions": PackedFloat32Array(1),
"values": [{
"args": [],
"method": &"on_end"
}]
}
tracks/6/type = "value"
tracks/6/imported = false
tracks/6/enabled = true
tracks/6/path = NodePath("../sprite/smoke:visible")
tracks/6/interp = 1
tracks/6/loop_wrap = true
tracks/6/keys = {
"times": PackedFloat32Array(0.5),
"transitions": PackedFloat32Array(1),
"update": 1,
"values": [false]
}
tracks/7/type = "value"
tracks/7/imported = false
tracks/7/enabled = true
tracks/7/path = NodePath("../hitbox/hitbox_shape:disabled")
tracks/7/interp = 1
tracks/7/loop_wrap = true
tracks/7/keys = {
"times": PackedFloat32Array(0.1),
"transitions": PackedFloat32Array(1),
"update": 1,
"values": [true]
}
tracks/8/type = "value"
tracks/8/imported = false
tracks/8/enabled = true
tracks/8/path = NodePath("../hit/hit_shape:disabled")
tracks/8/interp = 1
tracks/8/loop_wrap = true
tracks/8/keys = {
"times": PackedFloat32Array(0.1),
"transitions": PackedFloat32Array(1),
"update": 1,
"values": [true]
}

[sub_resource type="Animation" id="Animation_vjiwh"]
resource_name = "die.right"
step = 0.05
tracks/0/type = "value"
tracks/0/imported = false
tracks/0/enabled = true
tracks/0/path = NodePath("../sprite/body:frame")
tracks/0/interp = 1
tracks/0/loop_wrap = true
tracks/0/keys = {
"times": PackedFloat32Array(0, 0.05, 0.1, 0.15, 0.2, 0.25, 0.3, 0.35, 0.4, 0.45, 0.5, 0.55, 0.6, 0.65, 0.7, 0.75, 0.8, 0.85),
"transitions": PackedFloat32Array(1, 1, 1, 1, 1, 1, 1, 1, 1, 1, 1, 1, 1, 1, 1, 1, 1, 1),
"update": 1,
"values": [16, 17, 32, 33, 34, 35, 36, 37, 38, 39, 40, 41, 42, 43, 44, 45, 46, 47]
}
tracks/1/type = "value"
tracks/1/imported = false
tracks/1/enabled = true
tracks/1/path = NodePath("../sprite/body:visible")
tracks/1/interp = 1
tracks/1/loop_wrap = true
tracks/1/keys = {
"times": PackedFloat32Array(0, 0.9),
"transitions": PackedFloat32Array(1, 1),
"update": 1,
"values": [true, false]
}
tracks/2/type = "value"
tracks/2/imported = false
tracks/2/enabled = true
tracks/2/path = NodePath("../sprite/body:flip_h")
tracks/2/interp = 1
tracks/2/loop_wrap = true
tracks/2/keys = {
"times": PackedFloat32Array(0),
"transitions": PackedFloat32Array(1),
"update": 1,
"values": [true]
}
tracks/3/type = "value"
tracks/3/imported = false
tracks/3/enabled = true
tracks/3/path = NodePath("../collision_shape:disabled")
tracks/3/interp = 1
tracks/3/loop_wrap = true
tracks/3/keys = {
"times": PackedFloat32Array(0),
"transitions": PackedFloat32Array(1),
"update": 1,
"values": [true]
}
tracks/4/type = "method"
tracks/4/imported = false
tracks/4/enabled = true
tracks/4/path = NodePath("../sprite/fx_smoke")
tracks/4/interp = 1
tracks/4/loop_wrap = true
tracks/4/keys = {
"times": PackedFloat32Array(0.05),
"transitions": PackedFloat32Array(1),
"values": [{
"args": [],
"method": &"start"
}]
}
tracks/5/type = "method"
tracks/5/imported = false
tracks/5/enabled = true
tracks/5/path = NodePath("..")
tracks/5/interp = 1
tracks/5/loop_wrap = true
tracks/5/keys = {
"times": PackedFloat32Array(0.9),
"transitions": PackedFloat32Array(1),
"values": [{
"args": [],
"method": &"on_end"
}]
}
tracks/6/type = "value"
tracks/6/imported = false
tracks/6/enabled = true
tracks/6/path = NodePath("../sprite/smoke:visible")
tracks/6/interp = 1
tracks/6/loop_wrap = true
tracks/6/keys = {
"times": PackedFloat32Array(0.5),
"transitions": PackedFloat32Array(1),
"update": 1,
"values": [false]
}
tracks/7/type = "value"
tracks/7/imported = false
tracks/7/enabled = true
tracks/7/path = NodePath("../hitbox/hitbox_shape:disabled")
tracks/7/interp = 1
tracks/7/loop_wrap = true
tracks/7/keys = {
"times": PackedFloat32Array(0.1),
"transitions": PackedFloat32Array(1),
"update": 1,
"values": [true]
}
tracks/8/type = "value"
tracks/8/imported = false
tracks/8/enabled = true
tracks/8/path = NodePath("../hit/hit_shape:disabled")
tracks/8/interp = 1
tracks/8/loop_wrap = true
tracks/8/keys = {
"times": PackedFloat32Array(0.1),
"transitions": PackedFloat32Array(1),
"update": 1,
"values": [true]
}

[sub_resource type="Animation" id="Animation_efsar"]
resource_name = "idle.left"
length = 0.6
loop_mode = 1
step = 0.15
tracks/0/type = "value"
tracks/0/imported = false
tracks/0/enabled = true
tracks/0/path = NodePath("../sprite/body:frame_coords")
tracks/0/interp = 1
tracks/0/loop_wrap = true
tracks/0/keys = {
"times": PackedFloat32Array(0, 0.15, 0.3, 0.45, 0.6),
"transitions": PackedFloat32Array(1, 1, 1, 1, 1),
"update": 1,
"values": [Vector2i(0, 1), Vector2i(1, 1), Vector2i(2, 1), Vector2i(1, 1), Vector2i(0, 1)]
}
tracks/1/type = "value"
tracks/1/imported = false
tracks/1/enabled = true
tracks/1/path = NodePath("../sprite/body:visible")
tracks/1/interp = 1
tracks/1/loop_wrap = true
tracks/1/keys = {
"times": PackedFloat32Array(0),
"transitions": PackedFloat32Array(1),
"update": 1,
"values": [true]
}
tracks/2/type = "value"
tracks/2/imported = false
tracks/2/enabled = true
tracks/2/path = NodePath("../sprite/body:flip_h")
tracks/2/interp = 1
tracks/2/loop_wrap = true
tracks/2/keys = {
"times": PackedFloat32Array(0),
"transitions": PackedFloat32Array(1),
"update": 1,
"values": [false]
}
tracks/3/type = "value"
tracks/3/imported = false
tracks/3/enabled = true
tracks/3/path = NodePath("../collision_shape:disabled")
tracks/3/interp = 1
tracks/3/loop_wrap = true
tracks/3/keys = {
"times": PackedFloat32Array(0),
"transitions": PackedFloat32Array(1),
"update": 1,
"values": [false]
}
tracks/4/type = "value"
tracks/4/imported = false
tracks/4/enabled = true
tracks/4/path = NodePath("../sprite/smoke:visible")
tracks/4/interp = 1
tracks/4/loop_wrap = true
tracks/4/keys = {
"times": PackedFloat32Array(0),
"transitions": PackedFloat32Array(1),
"update": 1,
"values": [true]
}
tracks/5/type = "value"
tracks/5/imported = false
tracks/5/enabled = true
tracks/5/path = NodePath("../hitbox/hitbox_shape:disabled")
tracks/5/interp = 1
tracks/5/loop_wrap = true
tracks/5/keys = {
"times": PackedFloat32Array(0),
"transitions": PackedFloat32Array(1),
"update": 1,
"values": [false]
}
tracks/6/type = "value"
tracks/6/imported = false
tracks/6/enabled = true
tracks/6/path = NodePath("../hit/hit_shape:disabled")
tracks/6/interp = 1
tracks/6/loop_wrap = true
tracks/6/keys = {
"times": PackedFloat32Array(0),
"transitions": PackedFloat32Array(1),
"update": 1,
"values": [false]
}

[sub_resource type="Animation" id="Animation_wiq05"]
resource_name = "idle.right"
length = 0.6
loop_mode = 1
step = 0.15
tracks/0/type = "value"
tracks/0/imported = false
tracks/0/enabled = true
tracks/0/path = NodePath("../sprite/body:frame_coords")
tracks/0/interp = 1
tracks/0/loop_wrap = true
tracks/0/keys = {
"times": PackedFloat32Array(0, 0.15, 0.3, 0.45, 0.6),
"transitions": PackedFloat32Array(1, 1, 1, 1, 1),
"update": 1,
"values": [Vector2i(0, 1), Vector2i(1, 1), Vector2i(2, 1), Vector2i(1, 1), Vector2i(0, 1)]
}
tracks/1/type = "value"
tracks/1/imported = false
tracks/1/enabled = true
tracks/1/path = NodePath("../sprite/body:visible")
tracks/1/interp = 1
tracks/1/loop_wrap = true
tracks/1/keys = {
"times": PackedFloat32Array(0),
"transitions": PackedFloat32Array(1),
"update": 1,
"values": [true]
}
tracks/2/type = "value"
tracks/2/imported = false
tracks/2/enabled = true
tracks/2/path = NodePath("../sprite/body:flip_h")
tracks/2/interp = 1
tracks/2/loop_wrap = true
tracks/2/keys = {
"times": PackedFloat32Array(0),
"transitions": PackedFloat32Array(1),
"update": 1,
"values": [true]
}
tracks/3/type = "value"
tracks/3/imported = false
tracks/3/enabled = true
tracks/3/path = NodePath("../collision_shape:disabled")
tracks/3/interp = 1
tracks/3/loop_wrap = true
tracks/3/keys = {
"times": PackedFloat32Array(0),
"transitions": PackedFloat32Array(1),
"update": 1,
"values": [false]
}
tracks/4/type = "value"
tracks/4/imported = false
tracks/4/enabled = true
tracks/4/path = NodePath("../sprite/smoke:visible")
tracks/4/interp = 1
tracks/4/loop_wrap = true
tracks/4/keys = {
"times": PackedFloat32Array(0),
"transitions": PackedFloat32Array(1),
"update": 1,
"values": [true]
}
tracks/5/type = "value"
tracks/5/imported = false
tracks/5/enabled = true
tracks/5/path = NodePath("../hit/hit_shape:disabled")
tracks/5/interp = 1
tracks/5/loop_wrap = true
tracks/5/keys = {
"times": PackedFloat32Array(0),
"transitions": PackedFloat32Array(1),
"update": 1,
"values": [false]
}
tracks/6/type = "value"
tracks/6/imported = false
tracks/6/enabled = true
tracks/6/path = NodePath("../hitbox/hitbox_shape:disabled")
tracks/6/interp = 1
tracks/6/loop_wrap = true
tracks/6/keys = {
"times": PackedFloat32Array(0),
"transitions": PackedFloat32Array(1),
"update": 1,
"values": [false]
}

[sub_resource type="Animation" id="Animation_j18gc"]
resource_name = "run.left"
length = 0.8
loop_mode = 1
step = 0.05
tracks/0/type = "value"
tracks/0/imported = false
tracks/0/enabled = true
tracks/0/path = NodePath("../sprite/body:frame_coords")
tracks/0/interp = 1
tracks/0/loop_wrap = true
tracks/0/keys = {
"times": PackedFloat32Array(0, 0.05, 0.1, 0.15, 0.2, 0.25, 0.3, 0.35, 0.4, 0.45, 0.5, 0.55, 0.6, 0.65, 0.7, 0.75, 0.8),
"transitions": PackedFloat32Array(1, 1, 1, 1, 1, 1, 1, 1, 1, 1, 1, 1, 1, 1, 1, 1, 1),
"update": 1,
"values": [Vector2i(0, 1), Vector2i(1, 1), Vector2i(2, 1), Vector2i(3, 1), Vector2i(4, 1), Vector2i(5, 1), Vector2i(6, 1), Vector2i(7, 1), Vector2i(8, 1), Vector2i(9, 1), Vector2i(10, 1), Vector2i(11, 1), Vector2i(12, 1), Vector2i(13, 1), Vector2i(14, 1), Vector2i(15, 1), Vector2i(0, 1)]
}
tracks/1/type = "method"
tracks/1/imported = false
tracks/1/enabled = true
tracks/1/path = NodePath("../sprite/fx_smoke")
tracks/1/interp = 1
tracks/1/loop_wrap = true
tracks/1/keys = {
"times": PackedFloat32Array(0.05),
"transitions": PackedFloat32Array(1),
"values": [{
"args": [],
"method": &"start"
}]
}
tracks/2/type = "method"
tracks/2/imported = false
tracks/2/enabled = true
tracks/2/path = NodePath("..")
tracks/2/interp = 1
tracks/2/loop_wrap = true
tracks/2/keys = {
"times": PackedFloat32Array(0.1),
"transitions": PackedFloat32Array(1),
"values": [{
"args": [],
"method": &"shoot"
}]
}
tracks/3/type = "value"
tracks/3/imported = false
tracks/3/enabled = true
tracks/3/path = NodePath("../sprite/body:visible")
tracks/3/interp = 1
tracks/3/loop_wrap = true
tracks/3/keys = {
"times": PackedFloat32Array(0),
"transitions": PackedFloat32Array(1),
"update": 1,
"values": [true]
}
tracks/4/type = "value"
tracks/4/imported = false
tracks/4/enabled = true
tracks/4/path = NodePath("../sprite/body:flip_h")
tracks/4/interp = 1
tracks/4/loop_wrap = true
tracks/4/keys = {
"times": PackedFloat32Array(0),
"transitions": PackedFloat32Array(1),
"update": 1,
"values": [false]
}
tracks/5/type = "value"
tracks/5/imported = false
tracks/5/enabled = true
tracks/5/path = NodePath("../collision_shape:disabled")
tracks/5/interp = 1
tracks/5/loop_wrap = true
tracks/5/keys = {
"times": PackedFloat32Array(0),
"transitions": PackedFloat32Array(1),
"update": 1,
"values": [false]
}
tracks/6/type = "value"
tracks/6/imported = false
tracks/6/enabled = true
tracks/6/path = NodePath("../sprite/smoke:visible")
tracks/6/interp = 1
tracks/6/loop_wrap = true
tracks/6/keys = {
"times": PackedFloat32Array(0),
"transitions": PackedFloat32Array(1),
"update": 1,
"values": [true]
}

[sub_resource type="Animation" id="Animation_hnen7"]
resource_name = "run.right"
length = 0.8
loop_mode = 1
step = 0.05
tracks/0/type = "value"
tracks/0/imported = false
tracks/0/enabled = true
tracks/0/path = NodePath("../sprite/body:frame_coords")
tracks/0/interp = 1
tracks/0/loop_wrap = true
tracks/0/keys = {
"times": PackedFloat32Array(0, 0.05, 0.1, 0.15, 0.2, 0.25, 0.3, 0.35, 0.4, 0.45, 0.5, 0.55, 0.6, 0.65, 0.7, 0.75, 0.8),
"transitions": PackedFloat32Array(1, 1, 1, 1, 1, 1, 1, 1, 1, 1, 1, 1, 1, 1, 1, 1, 1),
"update": 1,
"values": [Vector2i(0, 1), Vector2i(1, 1), Vector2i(2, 1), Vector2i(3, 1), Vector2i(4, 1), Vector2i(5, 1), Vector2i(6, 1), Vector2i(7, 1), Vector2i(8, 1), Vector2i(9, 1), Vector2i(10, 1), Vector2i(11, 1), Vector2i(12, 1), Vector2i(13, 1), Vector2i(14, 1), Vector2i(15, 1), Vector2i(0, 1)]
}
tracks/1/type = "method"
tracks/1/imported = false
tracks/1/enabled = true
tracks/1/path = NodePath("../sprite/fx_smoke")
tracks/1/interp = 1
tracks/1/loop_wrap = true
tracks/1/keys = {
"times": PackedFloat32Array(0.05),
"transitions": PackedFloat32Array(1),
"values": [{
"args": [],
"method": &"start"
}]
}
tracks/2/type = "method"
tracks/2/imported = false
tracks/2/enabled = true
tracks/2/path = NodePath("..")
tracks/2/interp = 1
tracks/2/loop_wrap = true
tracks/2/keys = {
"times": PackedFloat32Array(0.1),
"transitions": PackedFloat32Array(1),
"values": [{
"args": [],
"method": &"shoot"
}]
}
tracks/3/type = "value"
tracks/3/imported = false
tracks/3/enabled = true
tracks/3/path = NodePath("../sprite/body:visible")
tracks/3/interp = 1
tracks/3/loop_wrap = true
tracks/3/keys = {
"times": PackedFloat32Array(0),
"transitions": PackedFloat32Array(1),
"update": 1,
"values": [true]
}
tracks/4/type = "value"
tracks/4/imported = false
tracks/4/enabled = true
tracks/4/path = NodePath("../sprite/body:flip_h")
tracks/4/interp = 1
tracks/4/loop_wrap = true
tracks/4/keys = {
"times": PackedFloat32Array(0),
"transitions": PackedFloat32Array(1),
"update": 1,
"values": [true]
}
tracks/5/type = "value"
tracks/5/imported = false
tracks/5/enabled = true
tracks/5/path = NodePath("../collision_shape:disabled")
tracks/5/interp = 1
tracks/5/loop_wrap = true
tracks/5/keys = {
"times": PackedFloat32Array(0),
"transitions": PackedFloat32Array(1),
"update": 1,
"values": [false]
}
tracks/6/type = "value"
tracks/6/imported = false
tracks/6/enabled = true
tracks/6/path = NodePath("../sprite/smoke:visible")
tracks/6/interp = 1
tracks/6/loop_wrap = true
tracks/6/keys = {
"times": PackedFloat32Array(0),
"transitions": PackedFloat32Array(1),
"update": 1,
"values": [true]
}

[sub_resource type="AnimationLibrary" id="AnimationLibrary_42thr"]
_data = {
"RESET": SubResource("Animation_0hg2t"),
"die.left": SubResource("Animation_7r1t7"),
"die.right": SubResource("Animation_vjiwh"),
"idle.left": SubResource("Animation_efsar"),
"idle.right": SubResource("Animation_wiq05"),
"run.left": SubResource("Animation_j18gc"),
"run.right": SubResource("Animation_hnen7")
}

[sub_resource type="AnimationNodeAnimation" id="AnimationNodeAnimation_s46bs"]
animation = &"die.left"

[sub_resource type="AnimationNodeAnimation" id="AnimationNodeAnimation_ud4gp"]
animation = &"die.right"

[sub_resource type="AnimationNodeBlendSpace1D" id="AnimationNodeBlendSpace1D_vbkd1"]
blend_point_0/node = SubResource("AnimationNodeAnimation_s46bs")
blend_point_0/pos = -1.0
blend_point_1/node = SubResource("AnimationNodeAnimation_ud4gp")
blend_point_1/pos = 1.0
blend_mode = 1

[sub_resource type="AnimationNodeAnimation" id="AnimationNodeAnimation_7qw5a"]
animation = &"run.left"

[sub_resource type="AnimationNodeAnimation" id="AnimationNodeAnimation_3xf1u"]
animation = &"run.right"

[sub_resource type="AnimationNodeBlendSpace1D" id="AnimationNodeBlendSpace1D_gt017"]
blend_point_0/node = SubResource("AnimationNodeAnimation_7qw5a")
blend_point_0/pos = -1.0
blend_point_1/node = SubResource("AnimationNodeAnimation_3xf1u")
blend_point_1/pos = 1.0
blend_mode = 1

[sub_resource type="AnimationNodeStateMachineTransition" id="AnimationNodeStateMachineTransition_xmg2h"]
advance_mode = 2

[sub_resource type="AnimationNodeStateMachineTransition" id="AnimationNodeStateMachineTransition_wmu4k"]
switch_mode = 2

[sub_resource type="AnimationNodeStateMachine" id="AnimationNodeStateMachine_845kj"]
states/End/position = Vector2(706, 126)
states/Start/position = Vector2(186, 126)
states/die/node = SubResource("AnimationNodeBlendSpace1D_vbkd1")
states/die/position = Vector2(547, 126)
states/run/node = SubResource("AnimationNodeBlendSpace1D_gt017")
states/run/position = Vector2(353, 126)
transitions = ["Start", "run", SubResource("AnimationNodeStateMachineTransition_xmg2h"), "run", "die", SubResource("AnimationNodeStateMachineTransition_wmu4k")]

[sub_resource type="AnimationNodeStateMachinePlayback" id="AnimationNodeStateMachinePlayback_mcs14"]

[sub_resource type="CapsuleShape2D" id="CapsuleShape2D_ntw1d"]
radius = 7.0
height = 22.0

[sub_resource type="CapsuleShape2D" id="CapsuleShape2D_pidrt"]
radius = 4.0
height = 16.0

[sub_resource type="CapsuleShape2D" id="CapsuleShape2D_7mhyr"]
radius = 4.0
height = 16.0

[node name="oil" type="CharacterBody2D" groups=["ENEMY"]]
z_index = 5
collision_layer = 2
collision_mask = 46
script = ExtResource("1_ue5i2")

[node name="sprite" type="Node2D" parent="."]

[node name="smoke" type="Sprite2D" parent="sprite"]
visible = false
texture = ExtResource("1_7qpnw")
hframes = 16
vframes = 16
frame = 239

[node name="fx_smoke" parent="sprite" instance=ExtResource("2_d7t47")]
modulate = Color(0, 0, 0, 1)
position = Vector2(0, -5)
type = "smoke"
onetime = false

[node name="body" type="Sprite2D" parent="sprite"]
position = Vector2(0, -13)
texture = ExtResource("1_7qpnw")
hframes = 16
vframes = 16
frame = 16

[node name="fx_hit" parent="sprite" instance=ExtResource("2_d7t47")]
position = Vector2(0, -10)
type = "hit"
index = 1
onetime = false

[node name="animation" type="Node" parent="."]

[node name="def" type="AnimationPlayer" parent="animation"]
libraries = {
"": SubResource("AnimationLibrary_42thr")
}

[node name="tree" type="AnimationTree" parent="animation"]
tree_root = SubResource("AnimationNodeStateMachine_845kj")
anim_player = NodePath("../def")
active = true
parameters/playback = SubResource("AnimationNodeStateMachinePlayback_mcs14")
parameters/die/blend_position = 0
parameters/run/blend_position = -0.113656

[node name="collision_shape" type="CollisionShape2D" parent="."]
rotation = 1.5708
shape = SubResource("CapsuleShape2D_ntw1d")

[node name="hitbox" type="Area2D" parent="."]
collision_layer = 512
collision_mask = 983040

[node name="hitbox_shape" type="CollisionShape2D" parent="hitbox"]
rotation = 1.5708
shape = SubResource("CapsuleShape2D_pidrt")
debug_color = Color(1, 1, 0, 0.419608)

[node name="hit" type="Area2D" parent="."]
collision_layer = 262144
collision_mask = 256

[node name="hit_shape" type="CollisionShape2D" parent="hit"]
rotation = 1.5708
shape = SubResource("CapsuleShape2D_7mhyr")
debug_color = Color(1, 0, 0, 0.419608)

[connection signal="on_finished" from="sprite/fx_hit" to="." method="_on_fx_hit_on_finished"]
[connection signal="area_entered" from="hit" to="." method="_on_hit_area_entered"]
