[gd_scene load_steps=56 format=3 uid="uid://dtcx1cn2cx7x2"]

[ext_resource type="Texture2D" uid="uid://clk0hjywly34q" path="res://res/img/generic/foe/foes_32.png" id="1_73lav"]
[ext_resource type="Script" path="res://src/script/tower.gd" id="1_gptaw"]
[ext_resource type="PackedScene" uid="uid://dt7n1gb13jftw" path="res://src/scene/fx.tscn" id="3_ftgoq"]

[sub_resource type="Animation" id="Animation_pforh"]
length = 0.001
tracks/0/type = "value"
tracks/0/imported = false
tracks/0/enabled = true
tracks/0/path = NodePath("../sprite/body:frame")
tracks/0/interp = 1
tracks/0/loop_wrap = true
tracks/0/keys = {
"times": PackedFloat32Array(0),
"transitions": PackedFloat32Array(1),
"update": 1,
"values": [48]
}
tracks/1/type = "value"
tracks/1/imported = false
tracks/1/enabled = true
tracks/1/path = NodePath("../collision_shape:disabled")
tracks/1/interp = 1
tracks/1/loop_wrap = true
tracks/1/keys = {
"times": PackedFloat32Array(0),
"transitions": PackedFloat32Array(1),
"update": 1,
"values": [true]
}
tracks/2/type = "value"
tracks/2/imported = false
tracks/2/enabled = true
tracks/2/path = NodePath("../hitbox/hitbox_shape:disabled")
tracks/2/interp = 1
tracks/2/loop_wrap = true
tracks/2/keys = {
"times": PackedFloat32Array(0),
"transitions": PackedFloat32Array(1),
"update": 1,
"values": [true]
}
tracks/3/type = "value"
tracks/3/imported = false
tracks/3/enabled = true
tracks/3/path = NodePath("../sprite/body:z_index")
tracks/3/interp = 1
tracks/3/loop_wrap = true
tracks/3/keys = {
"times": PackedFloat32Array(0),
"transitions": PackedFloat32Array(1),
"update": 1,
"values": [5]
}
tracks/4/type = "value"
tracks/4/imported = false
tracks/4/enabled = true
tracks/4/path = NodePath("../sprite/body:visible")
tracks/4/interp = 1
tracks/4/loop_wrap = true
tracks/4/keys = {
"times": PackedFloat32Array(0),
"transitions": PackedFloat32Array(1),
"update": 1,
"values": [true]
}
tracks/5/type = "value"
tracks/5/imported = false
tracks/5/enabled = true
tracks/5/path = NodePath("../sprite/fx2:modulate")
tracks/5/interp = 1
tracks/5/loop_wrap = true
tracks/5/keys = {
"times": PackedFloat32Array(0),
"transitions": PackedFloat32Array(1),
"update": 0,
"values": [Color(0.180392, 0.239216, 0.270588, 1)]
}

[sub_resource type="Animation" id="Animation_gu4ou"]
resource_name = "close"
length = 0.4
step = 0.05
tracks/0/type = "value"
tracks/0/imported = false
tracks/0/enabled = true
tracks/0/path = NodePath("../sprite/body:frame")
tracks/0/interp = 1
tracks/0/loop_wrap = true
tracks/0/keys = {
"times": PackedFloat32Array(0, 0.05, 0.1, 0.15, 0.2, 0.25, 0.3, 0.35),
"transitions": PackedFloat32Array(1, 1, 1, 1, 1, 1, 1, 1),
"update": 1,
"values": [53, 54, 53, 52, 51, 50, 49, 48]
}
tracks/1/type = "value"
tracks/1/imported = false
tracks/1/enabled = true
tracks/1/path = NodePath("../collision_shape:disabled")
tracks/1/interp = 1
tracks/1/loop_wrap = true
tracks/1/keys = {
"times": PackedFloat32Array(0, 0.15),
"transitions": PackedFloat32Array(1, 1),
"update": 1,
"values": [false, true]
}
tracks/2/type = "value"
tracks/2/imported = false
tracks/2/enabled = true
tracks/2/path = NodePath("../hitbox/hitbox_shape:disabled")
tracks/2/interp = 1
tracks/2/loop_wrap = true
tracks/2/keys = {
"times": PackedFloat32Array(0, 0.15),
"transitions": PackedFloat32Array(1, 1),
"update": 1,
"values": [false, true]
}
tracks/3/type = "value"
tracks/3/imported = false
tracks/3/enabled = true
tracks/3/path = NodePath("../sprite/body:z_index")
tracks/3/interp = 1
tracks/3/loop_wrap = true
tracks/3/keys = {
"times": PackedFloat32Array(0, 0.35),
"transitions": PackedFloat32Array(1, 1),
"update": 1,
"values": [5, 2]
}
tracks/4/type = "value"
tracks/4/imported = false
tracks/4/enabled = true
tracks/4/path = NodePath("../sprite/body:visible")
tracks/4/interp = 1
tracks/4/loop_wrap = true
tracks/4/keys = {
"times": PackedFloat32Array(0),
"transitions": PackedFloat32Array(1),
"update": 1,
"values": [true]
}

[sub_resource type="Animation" id="Animation_n8lr2"]
resource_name = "die"
tracks/0/type = "value"
tracks/0/imported = false
tracks/0/enabled = true
tracks/0/path = NodePath("../sprite/body:frame")
tracks/0/interp = 1
tracks/0/loop_wrap = true
tracks/0/keys = {
"times": PackedFloat32Array(0, 0.1, 0.2, 0.3, 0.4, 0.5, 0.6, 0.7),
"transitions": PackedFloat32Array(1, 1, 1, 1, 1, 1, 1, 1),
"update": 1,
"values": [65, 66, 67, 68, 69, 70, 71, 72]
}
tracks/1/type = "value"
tracks/1/imported = false
tracks/1/enabled = true
tracks/1/path = NodePath("../collision_shape:disabled")
tracks/1/interp = 1
tracks/1/loop_wrap = true
tracks/1/keys = {
"times": PackedFloat32Array(0, 0.25),
"transitions": PackedFloat32Array(1, 1),
"update": 1,
"values": [false, true]
}
tracks/2/type = "value"
tracks/2/imported = false
tracks/2/enabled = true
tracks/2/path = NodePath("../hitbox/hitbox_shape:disabled")
tracks/2/interp = 1
tracks/2/loop_wrap = true
tracks/2/keys = {
"times": PackedFloat32Array(0, 0.25),
"transitions": PackedFloat32Array(1, 1),
"update": 1,
"values": [false, true]
}
tracks/3/type = "method"
tracks/3/imported = false
tracks/3/enabled = true
tracks/3/path = NodePath("../sprite/fx")
tracks/3/interp = 1
tracks/3/loop_wrap = true
tracks/3/keys = {
"times": PackedFloat32Array(0),
"transitions": PackedFloat32Array(1),
"values": [{
"args": [],
"method": &"start"
}]
}
tracks/4/type = "value"
tracks/4/imported = false
tracks/4/enabled = true
tracks/4/path = NodePath("../sprite/body:visible")
tracks/4/interp = 1
tracks/4/loop_wrap = true
tracks/4/keys = {
"times": PackedFloat32Array(0, 0.8),
"transitions": PackedFloat32Array(1, 1),
"update": 1,
"values": [true, false]
}
tracks/5/type = "method"
tracks/5/imported = false
tracks/5/enabled = true
tracks/5/path = NodePath("..")
tracks/5/interp = 1
tracks/5/loop_wrap = true
tracks/5/keys = {
"times": PackedFloat32Array(0.9),
"transitions": PackedFloat32Array(1),
"values": [{
"args": [],
"method": &"on_end"
}]
}
tracks/6/type = "method"
tracks/6/imported = false
tracks/6/enabled = true
tracks/6/path = NodePath("../sprite/fx2")
tracks/6/interp = 1
tracks/6/loop_wrap = true
tracks/6/keys = {
"times": PackedFloat32Array(0),
"transitions": PackedFloat32Array(1),
"values": [{
"args": [],
"method": &"start"
}]
}
tracks/7/type = "value"
tracks/7/imported = false
tracks/7/enabled = true
tracks/7/path = NodePath("../sprite/fx2:modulate")
tracks/7/interp = 1
tracks/7/loop_wrap = true
tracks/7/keys = {
"times": PackedFloat32Array(0),
"transitions": PackedFloat32Array(1),
"update": 0,
"values": [Color(0.180392, 0.239216, 0.270588, 1)]
}

[sub_resource type="Animation" id="Animation_d3ukh"]
resource_name = "fire_1"
length = 1.5
tracks/0/type = "value"
tracks/0/imported = false
tracks/0/enabled = true
tracks/0/path = NodePath("../sprite/body:frame")
tracks/0/interp = 1
tracks/0/loop_wrap = true
tracks/0/keys = {
"times": PackedFloat32Array(0, 0.1, 0.2, 0.3, 0.4, 0.5),
"transitions": PackedFloat32Array(1, 1, 1, 1, 1, 1),
"update": 1,
"values": [53, 55, 56, 57, 55, 53]
}
tracks/1/type = "value"
tracks/1/imported = false
tracks/1/enabled = true
tracks/1/path = NodePath("../collision_shape:disabled")
tracks/1/interp = 1
tracks/1/loop_wrap = true
tracks/1/keys = {
"times": PackedFloat32Array(0),
"transitions": PackedFloat32Array(1),
"update": 1,
"values": [false]
}
tracks/2/type = "value"
tracks/2/imported = false
tracks/2/enabled = true
tracks/2/path = NodePath("../hitbox/hitbox_shape:disabled")
tracks/2/interp = 1
tracks/2/loop_wrap = true
tracks/2/keys = {
"times": PackedFloat32Array(0),
"transitions": PackedFloat32Array(1),
"update": 1,
"values": [false]
}
tracks/3/type = "method"
tracks/3/imported = false
tracks/3/enabled = true
tracks/3/path = NodePath("..")
tracks/3/interp = 1
tracks/3/loop_wrap = true
tracks/3/keys = {
"times": PackedFloat32Array(0.2),
"transitions": PackedFloat32Array(1),
"values": [{
"args": [],
"method": &"shoot"
}]
}
tracks/4/type = "value"
tracks/4/imported = false
tracks/4/enabled = true
tracks/4/path = NodePath("../sprite/body:visible")
tracks/4/interp = 1
tracks/4/loop_wrap = true
tracks/4/keys = {
"times": PackedFloat32Array(0),
"transitions": PackedFloat32Array(1),
"update": 1,
"values": [true]
}

[sub_resource type="Animation" id="Animation_ka28n"]
resource_name = "fire_2"
length = 2.0
tracks/0/type = "value"
tracks/0/imported = false
tracks/0/enabled = true
tracks/0/path = NodePath("../sprite/body:frame")
tracks/0/interp = 1
tracks/0/loop_wrap = true
tracks/0/keys = {
"times": PackedFloat32Array(0, 0.1, 0.2, 0.3, 0.4, 0.5, 0.6, 0.7, 0.8, 0.9, 1),
"transitions": PackedFloat32Array(1, 1, 1, 1, 1, 1, 1, 1, 1, 1, 1),
"update": 1,
"values": [53, 55, 56, 57, 55, 53, 55, 56, 57, 55, 53]
}
tracks/1/type = "value"
tracks/1/imported = false
tracks/1/enabled = true
tracks/1/path = NodePath("../collision_shape:disabled")
tracks/1/interp = 1
tracks/1/loop_wrap = true
tracks/1/keys = {
"times": PackedFloat32Array(0),
"transitions": PackedFloat32Array(1),
"update": 1,
"values": [false]
}
tracks/2/type = "value"
tracks/2/imported = false
tracks/2/enabled = true
tracks/2/path = NodePath("../hitbox/hitbox_shape:disabled")
tracks/2/interp = 1
tracks/2/loop_wrap = true
tracks/2/keys = {
"times": PackedFloat32Array(0),
"transitions": PackedFloat32Array(1),
"update": 1,
"values": [false]
}
tracks/3/type = "method"
tracks/3/imported = false
tracks/3/enabled = true
tracks/3/path = NodePath("..")
tracks/3/interp = 1
tracks/3/loop_wrap = true
tracks/3/keys = {
"times": PackedFloat32Array(0.2, 0.7),
"transitions": PackedFloat32Array(1, 1),
"values": [{
"args": [],
"method": &"shoot"
}, {
"args": [],
"method": &"shoot"
}]
}
tracks/4/type = "value"
tracks/4/imported = false
tracks/4/enabled = true
tracks/4/path = NodePath("../sprite/body:visible")
tracks/4/interp = 1
tracks/4/loop_wrap = true
tracks/4/keys = {
"times": PackedFloat32Array(0),
"transitions": PackedFloat32Array(1),
"update": 1,
"values": [true]
}

[sub_resource type="Animation" id="Animation_1t2d3"]
resource_name = "fire_3"
length = 2.5
tracks/0/type = "value"
tracks/0/imported = false
tracks/0/enabled = true
tracks/0/path = NodePath("../sprite/body:frame")
tracks/0/interp = 1
tracks/0/loop_wrap = true
tracks/0/keys = {
"times": PackedFloat32Array(0, 0.1, 0.2, 0.3, 0.4, 0.5, 0.6, 0.7, 0.8, 0.9, 1, 1.1, 1.2, 1.3, 1.4, 1.5),
"transitions": PackedFloat32Array(1, 1, 1, 1, 1, 1, 1, 1, 1, 1, 1, 1, 1, 1, 1, 1),
"update": 1,
"values": [53, 55, 56, 57, 55, 53, 55, 56, 57, 55, 53, 55, 56, 57, 55, 53]
}
tracks/1/type = "value"
tracks/1/imported = false
tracks/1/enabled = true
tracks/1/path = NodePath("../collision_shape:disabled")
tracks/1/interp = 1
tracks/1/loop_wrap = true
tracks/1/keys = {
"times": PackedFloat32Array(0),
"transitions": PackedFloat32Array(1),
"update": 1,
"values": [false]
}
tracks/2/type = "value"
tracks/2/imported = false
tracks/2/enabled = true
tracks/2/path = NodePath("../hitbox/hitbox_shape:disabled")
tracks/2/interp = 1
tracks/2/loop_wrap = true
tracks/2/keys = {
"times": PackedFloat32Array(0),
"transitions": PackedFloat32Array(1),
"update": 1,
"values": [false]
}
tracks/3/type = "method"
tracks/3/imported = false
tracks/3/enabled = true
tracks/3/path = NodePath("..")
tracks/3/interp = 1
tracks/3/loop_wrap = true
tracks/3/keys = {
"times": PackedFloat32Array(0.2, 0.7, 1.2),
"transitions": PackedFloat32Array(1, 1, 1),
"values": [{
"args": [],
"method": &"shoot"
}, {
"args": [],
"method": &"shoot"
}, {
"args": [],
"method": &"shoot"
}]
}
tracks/4/type = "value"
tracks/4/imported = false
tracks/4/enabled = true
tracks/4/path = NodePath("../sprite/body:visible")
tracks/4/interp = 1
tracks/4/loop_wrap = true
tracks/4/keys = {
"times": PackedFloat32Array(0),
"transitions": PackedFloat32Array(1),
"update": 1,
"values": [true]
}

[sub_resource type="Animation" id="Animation_ax4kl"]
resource_name = "hit"
length = 0.3
step = 0.05
tracks/0/type = "value"
tracks/0/imported = false
tracks/0/enabled = true
tracks/0/path = NodePath("../sprite/body:frame")
tracks/0/interp = 1
tracks/0/loop_wrap = true
tracks/0/keys = {
"times": PackedFloat32Array(0, 0.1, 0.2),
"transitions": PackedFloat32Array(1, 1, 1),
"update": 1,
"values": [53, 67, 53]
}
tracks/1/type = "value"
tracks/1/imported = false
tracks/1/enabled = true
tracks/1/path = NodePath("../collision_shape:disabled")
tracks/1/interp = 1
tracks/1/loop_wrap = true
tracks/1/keys = {
"times": PackedFloat32Array(0),
"transitions": PackedFloat32Array(1),
"update": 1,
"values": [false]
}
tracks/2/type = "value"
tracks/2/imported = false
tracks/2/enabled = true
tracks/2/path = NodePath("../hitbox/hitbox_shape:disabled")
tracks/2/interp = 1
tracks/2/loop_wrap = true
tracks/2/keys = {
"times": PackedFloat32Array(0),
"transitions": PackedFloat32Array(1),
"update": 1,
"values": [false]
}
tracks/3/type = "method"
tracks/3/imported = false
tracks/3/enabled = true
tracks/3/path = NodePath("../sprite/fx")
tracks/3/interp = 1
tracks/3/loop_wrap = true
tracks/3/keys = {
"times": PackedFloat32Array(0),
"transitions": PackedFloat32Array(1),
"values": [{
"args": [],
"method": &"start"
}]
}
tracks/4/type = "method"
tracks/4/imported = false
tracks/4/enabled = true
tracks/4/path = NodePath("..")
tracks/4/interp = 1
tracks/4/loop_wrap = true
tracks/4/keys = {
"times": PackedFloat32Array(0.25),
"transitions": PackedFloat32Array(1),
"values": [{
"args": [],
"method": &"hit_end"
}]
}
tracks/5/type = "value"
tracks/5/imported = false
tracks/5/enabled = true
tracks/5/path = NodePath("../sprite/body:visible")
tracks/5/interp = 1
tracks/5/loop_wrap = true
tracks/5/keys = {
"times": PackedFloat32Array(0),
"transitions": PackedFloat32Array(1),
"update": 1,
"values": [true]
}

[sub_resource type="Animation" id="Animation_57mud"]
resource_name = "idle"
length = 0.5
loop_mode = 1
tracks/0/type = "value"
tracks/0/imported = false
tracks/0/enabled = true
tracks/0/path = NodePath("../sprite/body:frame")
tracks/0/interp = 1
tracks/0/loop_wrap = true
tracks/0/keys = {
"times": PackedFloat32Array(0),
"transitions": PackedFloat32Array(1),
"update": 1,
"values": [53]
}
tracks/1/type = "value"
tracks/1/imported = false
tracks/1/enabled = true
tracks/1/path = NodePath("../collision_shape:disabled")
tracks/1/interp = 1
tracks/1/loop_wrap = true
tracks/1/keys = {
"times": PackedFloat32Array(0),
"transitions": PackedFloat32Array(1),
"update": 1,
"values": [false]
}
tracks/2/type = "value"
tracks/2/imported = false
tracks/2/enabled = true
tracks/2/path = NodePath("../hitbox/hitbox_shape:disabled")
tracks/2/interp = 1
tracks/2/loop_wrap = true
tracks/2/keys = {
"times": PackedFloat32Array(0),
"transitions": PackedFloat32Array(1),
"update": 1,
"values": [false]
}
tracks/3/type = "value"
tracks/3/imported = false
tracks/3/enabled = true
tracks/3/path = NodePath("../sprite/body:visible")
tracks/3/interp = 1
tracks/3/loop_wrap = true
tracks/3/keys = {
"times": PackedFloat32Array(0),
"transitions": PackedFloat32Array(1),
"update": 1,
"values": [true]
}

[sub_resource type="Animation" id="Animation_ttib3"]
resource_name = "none"
loop_mode = 1
tracks/0/type = "value"
tracks/0/imported = false
tracks/0/enabled = true
tracks/0/path = NodePath("../sprite/body:frame")
tracks/0/interp = 1
tracks/0/loop_wrap = true
tracks/0/keys = {
"times": PackedFloat32Array(0),
"transitions": PackedFloat32Array(1),
"update": 1,
"values": [48]
}
tracks/1/type = "value"
tracks/1/imported = false
tracks/1/enabled = true
tracks/1/path = NodePath("../collision_shape:disabled")
tracks/1/interp = 1
tracks/1/loop_wrap = true
tracks/1/keys = {
"times": PackedFloat32Array(0),
"transitions": PackedFloat32Array(1),
"update": 1,
"values": [true]
}
tracks/2/type = "value"
tracks/2/imported = false
tracks/2/enabled = true
tracks/2/path = NodePath("../hitbox/hitbox_shape:disabled")
tracks/2/interp = 1
tracks/2/loop_wrap = true
tracks/2/keys = {
"times": PackedFloat32Array(0),
"transitions": PackedFloat32Array(1),
"update": 1,
"values": [true]
}
tracks/3/type = "value"
tracks/3/imported = false
tracks/3/enabled = true
tracks/3/path = NodePath("../sprite/body:visible")
tracks/3/interp = 1
tracks/3/loop_wrap = true
tracks/3/keys = {
"times": PackedFloat32Array(0),
"transitions": PackedFloat32Array(1),
"update": 1,
"values": [true]
}
tracks/4/type = "value"
tracks/4/imported = false
tracks/4/enabled = true
tracks/4/path = NodePath("../sprite/body:z_index")
tracks/4/interp = 1
tracks/4/loop_wrap = true
tracks/4/keys = {
"times": PackedFloat32Array(0),
"transitions": PackedFloat32Array(1),
"update": 1,
"values": [2]
}

[sub_resource type="Animation" id="Animation_d8hrx"]
resource_name = "open"
length = 0.7
step = 0.05
tracks/0/type = "value"
tracks/0/imported = false
tracks/0/enabled = true
tracks/0/path = NodePath("../sprite/body:frame")
tracks/0/interp = 1
tracks/0/loop_wrap = true
tracks/0/keys = {
"times": PackedFloat32Array(0, 0.05, 0.1, 0.15, 0.2, 0.25, 0.3, 0.35),
"transitions": PackedFloat32Array(1, 1, 1, 1, 1, 1, 1, 1),
"update": 1,
"values": [48, 49, 50, 51, 52, 53, 54, 53]
}
tracks/1/type = "value"
tracks/1/imported = false
tracks/1/enabled = true
tracks/1/path = NodePath("../collision_shape:disabled")
tracks/1/interp = 1
tracks/1/loop_wrap = true
tracks/1/keys = {
"times": PackedFloat32Array(0, 0.2),
"transitions": PackedFloat32Array(1, 1),
"update": 1,
"values": [true, false]
}
tracks/2/type = "value"
tracks/2/imported = false
tracks/2/enabled = true
tracks/2/path = NodePath("../hitbox/hitbox_shape:disabled")
tracks/2/interp = 1
tracks/2/loop_wrap = true
tracks/2/keys = {
"times": PackedFloat32Array(0, 0.2),
"transitions": PackedFloat32Array(1, 1),
"update": 1,
"values": [true, false]
}
tracks/3/type = "value"
tracks/3/imported = false
tracks/3/enabled = true
tracks/3/path = NodePath("../sprite/body:visible")
tracks/3/interp = 1
tracks/3/loop_wrap = true
tracks/3/keys = {
"times": PackedFloat32Array(0),
"transitions": PackedFloat32Array(1),
"update": 1,
"values": [true]
}
tracks/4/type = "value"
tracks/4/imported = false
tracks/4/enabled = true
tracks/4/path = NodePath("../sprite/body:z_index")
tracks/4/interp = 1
tracks/4/loop_wrap = true
tracks/4/keys = {
"times": PackedFloat32Array(0, 0.05),
"transitions": PackedFloat32Array(1, 1),
"update": 1,
"values": [2, 5]
}

[sub_resource type="AnimationLibrary" id="AnimationLibrary_vqgs2"]
_data = {
"RESET": SubResource("Animation_pforh"),
"close": SubResource("Animation_gu4ou"),
"die": SubResource("Animation_n8lr2"),
"fire_1": SubResource("Animation_d3ukh"),
"fire_2": SubResource("Animation_ka28n"),
"fire_3": SubResource("Animation_1t2d3"),
"hit": SubResource("Animation_ax4kl"),
"idle": SubResource("Animation_57mud"),
"none": SubResource("Animation_ttib3"),
"open": SubResource("Animation_d8hrx")
}

[sub_resource type="AnimationNodeAnimation" id="AnimationNodeAnimation_4tr2c"]
animation = &"close"

[sub_resource type="AnimationNodeAnimation" id="AnimationNodeAnimation_xgi35"]
animation = &"die"

[sub_resource type="AnimationNodeAnimation" id="AnimationNodeAnimation_j80xq"]
animation = &"fire_1"

[sub_resource type="AnimationNodeAnimation" id="AnimationNodeAnimation_k37cf"]
animation = &"fire_2"

[sub_resource type="AnimationNodeAnimation" id="AnimationNodeAnimation_glxvo"]
animation = &"fire_3"

[sub_resource type="AnimationNodeAnimation" id="AnimationNodeAnimation_drmt6"]
animation = &"hit"

[sub_resource type="AnimationNodeAnimation" id="AnimationNodeAnimation_uungc"]
animation = &"none"

[sub_resource type="AnimationNodeAnimation" id="AnimationNodeAnimation_t4pmt"]
animation = &"open"

[sub_resource type="AnimationNodeAnimation" id="AnimationNodeAnimation_r376x"]
animation = &"open"

[sub_resource type="AnimationNodeAnimation" id="AnimationNodeAnimation_kwkhb"]
animation = &"open"

[sub_resource type="AnimationNodeStateMachineTransition" id="AnimationNodeStateMachineTransition_1j1xr"]
advance_mode = 2

[sub_resource type="AnimationNodeStateMachineTransition" id="AnimationNodeStateMachineTransition_la2vq"]

[sub_resource type="AnimationNodeStateMachineTransition" id="AnimationNodeStateMachineTransition_q21bs"]

[sub_resource type="AnimationNodeStateMachineTransition" id="AnimationNodeStateMachineTransition_5gu2b"]

[sub_resource type="AnimationNodeStateMachineTransition" id="AnimationNodeStateMachineTransition_0kyo1"]
switch_mode = 2
advance_mode = 2

[sub_resource type="AnimationNodeStateMachineTransition" id="AnimationNodeStateMachineTransition_3jfqe"]
switch_mode = 2
advance_mode = 2

[sub_resource type="AnimationNodeStateMachineTransition" id="AnimationNodeStateMachineTransition_mm5m0"]
switch_mode = 2
advance_mode = 2

[sub_resource type="AnimationNodeStateMachineTransition" id="AnimationNodeStateMachineTransition_2d1hl"]
switch_mode = 2
advance_mode = 2

[sub_resource type="AnimationNodeStateMachineTransition" id="AnimationNodeStateMachineTransition_bswt2"]
switch_mode = 2
advance_mode = 2

[sub_resource type="AnimationNodeStateMachineTransition" id="AnimationNodeStateMachineTransition_jf0i3"]
switch_mode = 2
advance_mode = 2

[sub_resource type="AnimationNodeStateMachineTransition" id="AnimationNodeStateMachineTransition_io0db"]
switch_mode = 2
advance_mode = 2

[sub_resource type="AnimationNodeStateMachineTransition" id="AnimationNodeStateMachineTransition_3moqg"]

[sub_resource type="AnimationNodeStateMachineTransition" id="AnimationNodeStateMachineTransition_xkpxd"]

[sub_resource type="AnimationNodeStateMachineTransition" id="AnimationNodeStateMachineTransition_ng6tn"]

[sub_resource type="AnimationNodeStateMachineTransition" id="AnimationNodeStateMachineTransition_g46lc"]

[sub_resource type="AnimationNodeStateMachineTransition" id="AnimationNodeStateMachineTransition_2a6lj"]

[sub_resource type="AnimationNodeStateMachineTransition" id="AnimationNodeStateMachineTransition_7i6mx"]

[sub_resource type="AnimationNodeStateMachineTransition" id="AnimationNodeStateMachineTransition_6tepl"]

[sub_resource type="AnimationNodeStateMachineTransition" id="AnimationNodeStateMachineTransition_w8k5f"]

[sub_resource type="AnimationNodeStateMachineTransition" id="AnimationNodeStateMachineTransition_ov1ra"]

[sub_resource type="AnimationNodeStateMachineTransition" id="AnimationNodeStateMachineTransition_86blb"]

[sub_resource type="AnimationNodeStateMachineTransition" id="AnimationNodeStateMachineTransition_xbmbl"]

[sub_resource type="AnimationNodeStateMachineTransition" id="AnimationNodeStateMachineTransition_8sgld"]

[sub_resource type="AnimationNodeStateMachineTransition" id="AnimationNodeStateMachineTransition_gogoa"]

[sub_resource type="AnimationNodeStateMachineTransition" id="AnimationNodeStateMachineTransition_frw8i"]
switch_mode = 2
advance_mode = 2

[sub_resource type="AnimationNodeStateMachineTransition" id="AnimationNodeStateMachineTransition_dsw4l"]

[sub_resource type="AnimationNodeStateMachine" id="AnimationNodeStateMachine_yi4ys"]
states/End/position = Vector2(1032, 100)
states/close/node = SubResource("AnimationNodeAnimation_4tr2c")
states/close/position = Vector2(800, -30)
states/die/node = SubResource("AnimationNodeAnimation_xgi35")
states/die/position = Vector2(800, 287.972)
states/fire_1/node = SubResource("AnimationNodeAnimation_j80xq")
states/fire_1/position = Vector2(645, 43)
states/fire_2/node = SubResource("AnimationNodeAnimation_k37cf")
states/fire_2/position = Vector2(645, 100)
states/fire_3/node = SubResource("AnimationNodeAnimation_glxvo")
states/fire_3/position = Vector2(645, 160)
states/hit/node = SubResource("AnimationNodeAnimation_drmt6")
states/hit/position = Vector2(800, -137.265)
states/none/node = SubResource("AnimationNodeAnimation_uungc")
states/none/position = Vector2(326, -30)
states/open_1/node = SubResource("AnimationNodeAnimation_t4pmt")
states/open_1/position = Vector2(476, 43)
states/open_2/node = SubResource("AnimationNodeAnimation_r376x")
states/open_2/position = Vector2(476, 100)
states/open_3/node = SubResource("AnimationNodeAnimation_kwkhb")
states/open_3/position = Vector2(476, 160)
transitions = ["Start", "none", SubResource("AnimationNodeStateMachineTransition_1j1xr"), "none", "open_1", SubResource("AnimationNodeStateMachineTransition_la2vq"), "none", "open_2", SubResource("AnimationNodeStateMachineTransition_q21bs"), "none", "open_3", SubResource("AnimationNodeStateMachineTransition_5gu2b"), "open_1", "fire_1", SubResource("AnimationNodeStateMachineTransition_0kyo1"), "open_2", "fire_2", SubResource("AnimationNodeStateMachineTransition_3jfqe"), "open_3", "fire_3", SubResource("AnimationNodeStateMachineTransition_mm5m0"), "fire_1", "close", SubResource("AnimationNodeStateMachineTransition_2d1hl"), "fire_2", "close", SubResource("AnimationNodeStateMachineTransition_bswt2"), "fire_3", "close", SubResource("AnimationNodeStateMachineTransition_jf0i3"), "close", "none", SubResource("AnimationNodeStateMachineTransition_io0db"), "open_1", "die", SubResource("AnimationNodeStateMachineTransition_3moqg"), "open_2", "die", SubResource("AnimationNodeStateMachineTransition_xkpxd"), "open_3", "die", SubResource("AnimationNodeStateMachineTransition_ng6tn"), "fire_1", "die", SubResource("AnimationNodeStateMachineTransition_g46lc"), "fire_2", "die", SubResource("AnimationNodeStateMachineTransition_2a6lj"), "fire_3", "die", SubResource("AnimationNodeStateMachineTransition_7i6mx"), "close", "die", SubResource("AnimationNodeStateMachineTransition_6tepl"), "open_1", "hit", SubResource("AnimationNodeStateMachineTransition_w8k5f"), "fire_1", "hit", SubResource("AnimationNodeStateMachineTransition_ov1ra"), "open_2", "hit", SubResource("AnimationNodeStateMachineTransition_86blb"), "fire_2", "hit", SubResource("AnimationNodeStateMachineTransition_xbmbl"), "open_3", "hit", SubResource("AnimationNodeStateMachineTransition_8sgld"), "fire_3", "hit", SubResource("AnimationNodeStateMachineTransition_gogoa"), "hit", "close", SubResource("AnimationNodeStateMachineTransition_frw8i"), "close", "hit", SubResource("AnimationNodeStateMachineTransition_dsw4l")]
graph_offset = Vector2(18, -88.024)

[sub_resource type="AnimationNodeStateMachinePlayback" id="AnimationNodeStateMachinePlayback_74evt"]

[sub_resource type="RectangleShape2D" id="RectangleShape2D_dyxvi"]
size = Vector2(18, 13)

[sub_resource type="RectangleShape2D" id="RectangleShape2D_7b6ey"]
size = Vector2(18, 13)

[sub_resource type="RectangleShape2D" id="RectangleShape2D_cnqqt"]
size = Vector2(18, 13)

[node name="tower" type="CharacterBody2D" groups=["ENEMY"]]
collision_layer = 8
collision_mask = 15
script = ExtResource("1_gptaw")

[node name="sprite" type="Node2D" parent="."]

[node name="ground" type="Sprite2D" parent="sprite"]
z_index = 2
position = Vector2(0, -5)
texture = ExtResource("1_73lav")
hframes = 16
vframes = 16
frame = 73

[node name="body" type="Sprite2D" parent="sprite"]
z_index = 5
position = Vector2(0, -5)
texture = ExtResource("1_73lav")
hframes = 16
vframes = 16
frame = 48

[node name="fx2" parent="sprite" instance=ExtResource("3_ftgoq")]
visible = false
modulate = Color(0.180392, 0.239216, 0.270588, 1)
z_index = 5
position = Vector2(0, -10)
type = "smoke"
index = 1
onetime = false

[node name="fx" parent="sprite" instance=ExtResource("3_ftgoq")]
visible = false
z_index = 5
position = Vector2(0, -25)
type = "buzz"
index = 1
onetime = false

[node name="animation" type="Node" parent="."]

[node name="def" type="AnimationPlayer" parent="animation"]
libraries = {
"": SubResource("AnimationLibrary_vqgs2")
}

[node name="tree" type="AnimationTree" parent="animation"]
tree_root = SubResource("AnimationNodeStateMachine_yi4ys")
anim_player = NodePath("../def")
active = true
parameters/playback = SubResource("AnimationNodeStateMachinePlayback_74evt")

[node name="collision_shape" type="CollisionShape2D" parent="."]
position = Vector2(0, -0.5)
shape = SubResource("RectangleShape2D_dyxvi")
disabled = true

[node name="hitbox" type="Area2D" parent="."]
collision_layer = 512
collision_mask = 196608

[node name="hitbox_shape" type="CollisionShape2D" parent="hitbox"]
position = Vector2(0, -0.5)
shape = SubResource("RectangleShape2D_7b6ey")
disabled = true
debug_color = Color(1, 0, 0, 0.419608)

[node name="detect" type="Area2D" parent="."]
collision_layer = 0

[node name="detect_shape" type="CollisionShape2D" parent="detect"]
position = Vector2(0, -0.5)
shape = SubResource("RectangleShape2D_cnqqt")
debug_color = Color(0, 1, 0, 0.419608)

[connection signal="body_entered" from="detect" to="." method="_on_detect_body_entered"]
[connection signal="body_exited" from="detect" to="." method="_on_detect_body_exited"]
