[gd_scene load_steps=5 format=3 uid="uid://c7syvabx6a2cj"]

[ext_resource type="Texture2D" uid="uid://b7caiefnl4dtd" path="res://res/img/cards/cards99.png" id="1_jncww"]
[ext_resource type="Texture2D" uid="uid://byvkeflvupjok" path="res://res/img/cards/cards01.png" id="1_t8h07"]

[sub_resource type="Animation" id="Animation_s5aa4"]
resource_name = "default"
length = 8.6
loop_mode = 1
tracks/0/type = "value"
tracks/0/imported = false
tracks/0/enabled = true
tracks/0/path = NodePath("background:color")
tracks/0/interp = 1
tracks/0/loop_wrap = true
tracks/0/keys = {
"times": PackedFloat32Array(0),
"transitions": PackedFloat32Array(1),
"update": 1,
"values": [Color(1, 0.27451, 0.27451, 1)]
}
tracks/1/type = "value"
tracks/1/imported = false
tracks/1/enabled = true
tracks/1/path = NodePath("background/peace:position")
tracks/1/interp = 1
tracks/1/loop_wrap = true
tracks/1/keys = {
"times": PackedFloat32Array(0),
"transitions": PackedFloat32Array(1),
"update": 0,
"values": [Vector2(24, 30)]
}
tracks/2/type = "value"
tracks/2/imported = false
tracks/2/enabled = true
tracks/2/path = NodePath("background/peace:modulate")
tracks/2/interp = 1
tracks/2/loop_wrap = true
tracks/2/keys = {
"times": PackedFloat32Array(0),
"transitions": PackedFloat32Array(1),
"update": 1,
"values": [Color(1, 0.952941, 0.631373, 1)]
}
tracks/3/type = "value"
tracks/3/imported = false
tracks/3/enabled = true
tracks/3/path = NodePath("background/heart_1:visible")
tracks/3/interp = 1
tracks/3/loop_wrap = true
tracks/3/keys = {
"times": PackedFloat32Array(0, 2.3, 4.9),
"transitions": PackedFloat32Array(1, 1, 1),
"update": 1,
"values": [false, true, false]
}
tracks/4/type = "value"
tracks/4/imported = false
tracks/4/enabled = true
tracks/4/path = NodePath("background/heart_2:visible")
tracks/4/interp = 1
tracks/4/loop_wrap = true
tracks/4/keys = {
"times": PackedFloat32Array(0, 1.7, 4),
"transitions": PackedFloat32Array(1, 1, 1),
"update": 1,
"values": [false, true, false]
}
tracks/5/type = "value"
tracks/5/imported = false
tracks/5/enabled = true
tracks/5/path = NodePath("background/heart_3:visible")
tracks/5/interp = 1
tracks/5/loop_wrap = true
tracks/5/keys = {
"times": PackedFloat32Array(0, 2.4, 5.2),
"transitions": PackedFloat32Array(1, 1, 1),
"update": 1,
"values": [false, true, false]
}
tracks/6/type = "value"
tracks/6/imported = false
tracks/6/enabled = true
tracks/6/path = NodePath("background/heart_4:visible")
tracks/6/interp = 1
tracks/6/loop_wrap = true
tracks/6/keys = {
"times": PackedFloat32Array(0),
"transitions": PackedFloat32Array(1),
"update": 1,
"values": [false]
}
tracks/7/type = "value"
tracks/7/imported = false
tracks/7/enabled = true
tracks/7/path = NodePath("background/heart_5:visible")
tracks/7/interp = 1
tracks/7/loop_wrap = true
tracks/7/keys = {
"times": PackedFloat32Array(0, 2, 3.4),
"transitions": PackedFloat32Array(1, 1, 1),
"update": 1,
"values": [false, true, false]
}
tracks/8/type = "value"
tracks/8/imported = false
tracks/8/enabled = true
tracks/8/path = NodePath("background/heart_6:visible")
tracks/8/interp = 1
tracks/8/loop_wrap = true
tracks/8/keys = {
"times": PackedFloat32Array(0, 2.6, 4.2),
"transitions": PackedFloat32Array(1, 1, 1),
"update": 1,
"values": [false, true, false]
}
tracks/9/type = "value"
tracks/9/imported = false
tracks/9/enabled = true
tracks/9/path = NodePath("background/heart_7:visible")
tracks/9/interp = 1
tracks/9/loop_wrap = true
tracks/9/keys = {
"times": PackedFloat32Array(0, 1.3, 4.6),
"transitions": PackedFloat32Array(1, 1, 1),
"update": 1,
"values": [false, true, false]
}
tracks/10/type = "value"
tracks/10/imported = false
tracks/10/enabled = true
tracks/10/path = NodePath("background/heart_7:modulate")
tracks/10/interp = 1
tracks/10/loop_wrap = true
tracks/10/keys = {
"times": PackedFloat32Array(0, 1.4, 4.5),
"transitions": PackedFloat32Array(1, 1, 1),
"update": 1,
"values": [Color(1, 1, 1, 1), Color(0.847059, 0.0666667, 0.0666667, 1), Color(1, 1, 1, 1)]
}
tracks/11/type = "value"
tracks/11/imported = false
tracks/11/enabled = true
tracks/11/path = NodePath("background/heart_6:modulate")
tracks/11/interp = 1
tracks/11/loop_wrap = true
tracks/11/keys = {
"times": PackedFloat32Array(0, 2.7, 4.1),
"transitions": PackedFloat32Array(1, 1, 1),
"update": 1,
"values": [Color(1, 1, 1, 1), Color(0.847059, 0.0666667, 0.0666667, 1), Color(1, 1, 1, 1)]
}
tracks/12/type = "value"
tracks/12/imported = false
tracks/12/enabled = true
tracks/12/path = NodePath("background/heart_5:modulate")
tracks/12/interp = 1
tracks/12/loop_wrap = true
tracks/12/keys = {
"times": PackedFloat32Array(0, 2.1, 3.3),
"transitions": PackedFloat32Array(1, 1, 1),
"update": 1,
"values": [Color(1, 1, 1, 1), Color(0.847059, 0.0666667, 0.0666667, 1), Color(1, 1, 1, 1)]
}
tracks/13/type = "value"
tracks/13/imported = false
tracks/13/enabled = true
tracks/13/path = NodePath("background/heart_4:modulate")
tracks/13/interp = 1
tracks/13/loop_wrap = true
tracks/13/keys = {
"times": PackedFloat32Array(0),
"transitions": PackedFloat32Array(1),
"update": 1,
"values": [Color(1, 1, 1, 1)]
}
tracks/14/type = "value"
tracks/14/imported = false
tracks/14/enabled = true
tracks/14/path = NodePath("background/heart_3:modulate")
tracks/14/interp = 1
tracks/14/loop_wrap = true
tracks/14/keys = {
"times": PackedFloat32Array(0, 2.5, 5.1),
"transitions": PackedFloat32Array(1, 1, 1),
"update": 1,
"values": [Color(1, 1, 1, 1), Color(0.847059, 0.0666667, 0.0666667, 1), Color(1, 1, 1, 1)]
}
tracks/15/type = "value"
tracks/15/imported = false
tracks/15/enabled = true
tracks/15/path = NodePath("background/heart_2:modulate")
tracks/15/interp = 1
tracks/15/loop_wrap = true
tracks/15/keys = {
"times": PackedFloat32Array(0, 1.8, 3.9),
"transitions": PackedFloat32Array(1, 1, 1),
"update": 1,
"values": [Color(1, 1, 1, 1), Color(0.847059, 0.0666667, 0.0666667, 1), Color(1, 1, 1, 1)]
}
tracks/16/type = "value"
tracks/16/imported = false
tracks/16/enabled = true
tracks/16/path = NodePath("background/heart_1:modulate")
tracks/16/interp = 1
tracks/16/loop_wrap = true
tracks/16/keys = {
"times": PackedFloat32Array(0, 2.4, 4.8),
"transitions": PackedFloat32Array(1, 1, 1),
"update": 1,
"values": [Color(1, 1, 1, 1), Color(0.847059, 0.0666667, 0.0666667, 1), Color(1, 1, 1, 1)]
}
tracks/17/type = "value"
tracks/17/imported = false
tracks/17/enabled = true
tracks/17/path = NodePath("background/heart_8:modulate")
tracks/17/interp = 1
tracks/17/loop_wrap = true
tracks/17/keys = {
"times": PackedFloat32Array(0, 1.9, 5.4),
"transitions": PackedFloat32Array(1, 1, 1),
"update": 1,
"values": [Color(1, 1, 1, 1), Color(0.847059, 0.0666667, 0.0666667, 1), Color(1, 1, 1, 1)]
}
tracks/18/type = "value"
tracks/18/imported = false
tracks/18/enabled = true
tracks/18/path = NodePath("background/heart_8:visible")
tracks/18/interp = 1
tracks/18/loop_wrap = true
tracks/18/keys = {
"times": PackedFloat32Array(0, 1.8, 5.5),
"transitions": PackedFloat32Array(1, 1, 1),
"update": 1,
"values": [false, true, false]
}
tracks/19/type = "value"
tracks/19/imported = false
tracks/19/enabled = true
tracks/19/path = NodePath("background/heart_9:visible")
tracks/19/interp = 1
tracks/19/loop_wrap = true
tracks/19/keys = {
"times": PackedFloat32Array(0, 6, 8),
"transitions": PackedFloat32Array(1, 1, 1),
"update": 1,
"values": [false, true, false]
}
tracks/20/type = "value"
tracks/20/imported = false
tracks/20/enabled = true
tracks/20/path = NodePath("background/heart_9:modulate")
tracks/20/interp = 1
tracks/20/loop_wrap = true
tracks/20/keys = {
"times": PackedFloat32Array(0, 6.1, 7.9),
"transitions": PackedFloat32Array(1, 1, 1),
"update": 1,
"values": [Color(1, 1, 1, 1), Color(0.847059, 0.0666667, 0.0666667, 1), Color(1, 1, 1, 1)]
}

[sub_resource type="AnimationLibrary" id="AnimationLibrary_84a7u"]
_data = {
"default": SubResource("Animation_s5aa4")
}

[node name="card_peace" type="Node2D"]

[node name="background" type="ColorRect" parent="."]
clip_contents = true
offset_right = 48.0
offset_bottom = 64.0
color = Color(1, 0.27451, 0.27451, 1)

[node name="background" type="Sprite2D" parent="background"]
modulate = Color(1, 0.580392, 0.427451, 1)
position = Vector2(24, 32)
texture = ExtResource("1_jncww")
region_enabled = true
region_rect = Rect2(96, 0, 48, 64)

[node name="peace" type="Sprite2D" parent="background"]
modulate = Color(1, 0.952941, 0.631373, 1)
position = Vector2(24, 30)
texture = ExtResource("1_t8h07")
region_enabled = true
region_rect = Rect2(289, 86, 44, 44)

[node name="heart_1" type="Sprite2D" parent="background"]
visible = false
position = Vector2(8, 9)
texture = ExtResource("1_t8h07")
region_enabled = true
region_rect = Rect2(288, 75, 10, 8)

[node name="heart_8" type="Sprite2D" parent="background"]
visible = false
position = Vector2(41, 45)
texture = ExtResource("1_t8h07")
region_enabled = true
region_rect = Rect2(288, 75, 10, 8)

[node name="heart_2" type="Sprite2D" parent="background"]
visible = false
position = Vector2(38, 12)
texture = ExtResource("1_t8h07")
region_enabled = true
region_rect = Rect2(288, 75, 10, 8)

[node name="heart_3" type="Sprite2D" parent="background"]
visible = false
position = Vector2(21, 51)
texture = ExtResource("1_t8h07")
region_enabled = true
region_rect = Rect2(288, 75, 10, 8)

[node name="heart_4" type="Sprite2D" parent="background"]
visible = false
position = Vector2(42, 51)
texture = ExtResource("1_t8h07")
region_enabled = true
region_rect = Rect2(288, 75, 10, 8)

[node name="heart_5" type="Sprite2D" parent="background"]
visible = false
position = Vector2(16, 21)
texture = ExtResource("1_t8h07")
region_enabled = true
region_rect = Rect2(298, 76, 12, 10)

[node name="heart_6" type="Sprite2D" parent="background"]
visible = false
position = Vector2(31, 33)
texture = ExtResource("1_t8h07")
region_enabled = true
region_rect = Rect2(298, 76, 12, 10)

[node name="heart_7" type="Sprite2D" parent="background"]
visible = false
position = Vector2(9, 37)
texture = ExtResource("1_t8h07")
region_enabled = true
region_rect = Rect2(298, 76, 12, 10)

[node name="heart_9" type="Sprite2D" parent="background"]
visible = false
position = Vector2(31, 34)
scale = Vector2(3, 3)
texture = ExtResource("1_t8h07")
region_enabled = true
region_rect = Rect2(298, 76, 12, 10)

[node name="def" type="AnimationPlayer" parent="."]
libraries = {
"": SubResource("AnimationLibrary_84a7u")
}
